@inproceedings{snow2006semantic,
  title={Semantic taxonomy induction from heterogenous evidence},
  author={Snow, Rion and Jurafsky, Daniel and Ng, Andrew Y},
  booktitle={Proceedings of the 21st International Conference on Computational Linguistics and the 44th annual meeting of the Association for Computational Linguistics (ACL)},
  pages={801--808},
  year={2006},
  publisher = {Association for Computational Linguistics},
}
@article{miller1995wordnet,
  title={WordNet: a lexical database for English},
  author={Miller, George A},
  journal={Communications of the ACM},
  volume={38},
  number={11},
  pages={39--41},
  year={1995},
  publisher={ACM}
}
@inproceedings{PavlickEtAl-2015:ACL:Semantics,
	author =  {Ellie Pavlick and Pushpendre Rastogi and Juri Ganitkevich and Ben Van Durme, Chris Callison-Burch},
	title =   {PPDB 2.0: Better paraphrase ranking, fine-grained entailment relations, word embeddings, and style classification},
	booktitle = {Proceedings of the 53rd Annual Meeting of the Association for Computational Linguistics (ACL)},
	month     = {July},
	year      = {2015},
	address   = {Beijing, China},
	publisher = {Association for Computational Linguistics},
}
@inproceedings{PavlickAndCallisonBuch-2016:ACL:Simple,
  author =  {Ellie Pavlick and Chris Callison-Burch},
  title =   {Simple PPDB: A Paraphrase Database for Simplification},
  booktitle = {Proceedings of the 54th Annual Meeting of the Association for Computational Linguistics (ACL)},
  month     = {August},
  year      = {2016},
  address   = {Berlin, Germany},
  publisher = {Association for Computational Linguistics},
}
@inproceedings{ganitkevitch2014multilingual,
	title={The Multilingual Paraphrase Database.},
	author={Ganitkevitch, Juri and Callison-Burch, Chris},
	booktitle={Proceedings of the Ninth International Conference on Language Resources and Evaluation (LREC)},
	pages={4276--4283},
	year={2014}
}
@article{navigli2012babelnet,
	title={BabelNet: The automatic construction, evaluation and application of a wide-coverage multilingual semantic network},
	author={Navigli, Roberto and Ponzetto, Simone Paolo},
	journal={Artificial Intelligence},
	volume={193},
	pages={217--250},
	year={2012},
	publisher={Elsevier}
}
@inproceedings{navigli2010babelnet,
	title={BabelNet: Building a very large multilingual semantic network},
	author={Navigli, Roberto and Ponzetto, Simone Paolo},
	booktitle={Proceedings of the 48th annual meeting of the Association for Computational Linguistics (ACL)},
	pages={216--225},
	year={2010},
	organization={Association for Computational Linguistics}
}
@inproceedings{kozareva2010semi,
	title={A semi-supervised method to learn and construct taxonomies using the web},
	author={Kozareva, Zornitsa and Hovy, Eduard},
	booktitle={Proceedings of the 2010 conference on Empirical Methods in Natural Language Processing (EMNLP)},
	pages={1110--1118},
	year={2010},
	organization={Association for Computational Linguistics}
}
@inproceedings{navigli2011graph,
	title={A graph-based algorithm for inducing lexical taxonomies from scratch},
	author={Navigli, Roberto and Velardi, Paola and Faralli, Stefano},
	booktitle={Proceedings of the 22nd International Joint Conference on Artificial Intelligence (IJCAI)},
	volume={2:5.1},
	pages={2},
	year={2011}
}
@article{velardi2013ontolearn,
	title={Ontolearn reloaded: A graph-based algorithm for taxonomy induction},
	author={Velardi, Paola and Faralli, Stefano and Navigli, Roberto},
	journal={Computational Linguistics},
	volume={39},
	number={3},
	pages={665--707},
	year={2013},
	publisher={MIT Press}
}
@inproceedings{snow2004learning,
	title={Learning syntactic patterns for automatic hypernym discovery.},
	author={Snow, Rion and Jurafsky, Daniel and Ng, Andrew Y and others},
	booktitle={Advances in Neural Information Processing Systems (NIPS)},
	volume={17},
	pages={1297--1304},
	year={2004}
}
@inproceedings{widdows2003unsupervised,
	title={Unsupervised methods for developing taxonomies by combining syntactic and statistical information},
	author={Widdows, Dominic},
	booktitle={Proceedings of the 2003 Conference of the North American Chapter of the
Association for Computational Linguistics: Human Language Technologies (NAACL-HLT)},
	pages={197--204},
	year={2003},
	organization={Association for Computational Linguistics}
}
@inproceedings{ritter2009anyway,
	title={What Is This, Anyway: Automatic Hypernym Discovery.},
	author={Ritter, Alan and Soderland, Stephen and Etzioni, Oren},
	booktitle={AAAI Spring Symposium: Learning by Reading and Learning to Read},
	pages={88--93},
	year={2009}
}
@inproceedings{hearst1992automatic,
  title={Automatic acquisition of hyponyms from large text corpora},
  author={Hearst, Marti A},
  booktitle={Proceedings of the 14th conference on Computational linguistics-Volume 2},
  pages={539--545},
  year={1992},
  organization={Association for Computational Linguistics}
}
@InProceedings{shwartz2016hypnet,
	author    = {Shwartz, Vered  and  Goldberg, Yoav  and  Dagan, Ido},
	title     = {Improving Hypernymy Detection with an Integrated Path-based and Distributional Method},
  booktitle = {Proceedings of the 54th Annual Meeting of the Association for Computational Linguistics (ACL)},
	year      = {2016},
	organization = {Association for Computational Linguistics},
	pages     = {2389--2398}
}
@inproceedings{yang2009metric,
	title={A metric-based framework for automatic taxonomy induction},
	author={Yang, Hui and Callan, Jamie},
  booktitle = {Proceedings of the 47th Annual Meeting of the Association for Computational Linguistics (ACL)},
	pages={271--279},
	year={2009},
	organization={Association for Computational Linguistics}
}
@article{berant2015efficient,
	title={Efficient Global Learning of Entailment Graphs},
	author={Berant, Jonathan and Alon, Noga and Dagan, Ido and Goldberger, Jacob},
	journal={Computational Linguistics},
	volume={41},
	number={2},
	pages={249--291},
	year={2015},
	publisher={MIT Press}
}
@article{berant2012learning,
	title={Learning entailment relations by global graph structure optimization},
	author={Berant, Jonathan and Dagan, Ido and Goldberger, Jacob},
	journal={Computational Linguistics},
	volume={38},
	number={1},
	pages={73--111},
	year={2012},
	publisher={MIT Press}
}
@inproceedings{bansal2014structured,
	title={Structured Learning for Taxonomy Induction with Belief Propagation.},
	author={Bansal, Mohit and Burkett, David and De Melo, Gerard and Klein, Dan},
  booktitle = {Proceedings of the 52nd Annual Meeting of the Association for Computational Linguistics (ACL)},
	pages={1041--1051},
	year={2014}
}
@inproceedings{lin1998automatic,
	title={Automatic retrieval and clustering of similar words},
	author={Lin, Dekang},
	booktitle={Proceedings of the 17th International Conference on Computational Linguistics-Volume 2},
	pages={768--774},
	year={1998},
	organization={Association for Computational Linguistics}
}
@inproceedings{lin2002concept,
	title={Concept discovery from text},
	author={Lin, Dekang and Pantel, Patrick},
	booktitle={Proceedings of the 19th International Conference on Computational Linguistics-Volume 1},
	pages={1--7},
	year={2002},
	organization={Association for Computational Linguistics}
}
@inproceedings{davidov2006efficient,
	title={Efficient unsupervised discovery of word categories using symmetric patterns and high frequency words},
	author={Davidov, Dmitry and Rappoport, Ari},
	booktitle={Proceedings of the 21st International Conference on Computational Linguistics and the 44th annual meeting of the Association for Computational Linguistics (ACL)},
	pages={297--304},
	year={2006},
	organization={Association for Computational Linguistics}
}
@inproceedings{ustalov2017synsets,
	title={Automatic Induction of Synsets from a Graph of Synonyms},
	author={Ustalov, Dmitry and Panchenko, Alexander and Biemann, Chris},
  booktitle = {Proceedings of the 55th Annual Meeting of the Association for Computational Linguistics (ACL)},
  year={2017},
	organization={Association for Computational Linguistics}
}
@inproceedings{biemann2006chinese,
	title={Chinese whispers: an efficient graph clustering algorithm and its application to natural language processing problems},
	author={Biemann, Chris},
	booktitle={Proceedings of the first workshop on graph based methods for natural language processing},
	pages={73--80},
	year={2006},
	organization={Association for Computational Linguistics}
}
@book{biemann2011structure,
	title={Structure discovery in natural language},
	author={Biemann, Chris and van den Bosch, Antal},
	year={2011},
	publisher={Springer Science \& Business Media}
}
@inproceedings{faralli2017contrastmedium,
	title={The ContrastMedium algorithm: taxonomy induction from noisy knowledge graphs with just a few links},
	author={Faralli, Stefano and Panchenko, Alexander and Biemann, Chris and Ponzetto, Simone Paolo},
	year={2017},
	booktitle={Proceedings of the 15th Conference of the European Association for Computational Linguistics (EACL)},
	organization={Association for Computational Linguistics}
}
@article{harris1954distributional,
	title={Distributional structure},
	author={Harris, Zellig S},
	journal={Word},
	volume={10},
	number={2-3},
	pages={146--162},
	year={1954},
	publisher={Taylor \& Francis}
}
@inproceedings{CocosAndCallisonBurch-2016:NAACL:ParaphraseClustering,
	author =  {Anne Cocos and Chris Callison-Burch},
	title =   {Clustering Paraphrases by Word Sense},
	booktitle = {Proceedings of the 15th Annual Conference of the North American Chapter of the Association for Computational Linguistics: Human Language Technologies (NAACL-HLT)},
	month     = {June},
	year      = {2016},
	address   = {San Diego, California},
	publisher = {Association for Computational Linguistics}
}
@inproceedings{mccarthy2007semeval,
	title={Semeval-2007 task 10: English lexical substitution task},
	author={McCarthy, Diana and Navigli, Roberto},
	booktitle={Proceedings of the 4th International Workshop on Semantic Evaluation (SemEval-2007)},
	pages={48--53},
	year={2007},
	organization={Association for Computational Linguistics}
}
@inproceedings{apidianaki2014semantic,
	title={Semantic Clustering of Pivot Paraphrases.},
	author={Apidianaki, Marianna and Verzeni, Emilia and McCarthy, Diana},
	booktitle={Proceedings of the Ninth International Conference on Language Resources and Evaluation (LREC)},
	pages={4270--4275},
	year={2014}
}
@inproceedings{W17-1914,
	author = 	"Cocos, Anne
	and Apidianaki, Marianna
	and Callison-Burch, Chris",
	title = 	"Word Sense Filtering Improves Embedding-Based Lexical Substitution",
	booktitle = 	"Proceedings of the 1st Workshop on Sense, Concept and Entity Representations and their Applications",
	year = 	"2017",
	publisher = 	"Association for Computational Linguistics",
	pages = 	"110--119",
	location = 	"Valencia, Spain"
}
@inproceedings{melamud2015simple,
	title={A simple word embedding model for lexical substitution},
	author={Melamud, Oren and Levy, Omer and Dagan, Ido and Ramat-Gan, Israel},
	booktitle={Proceedings of the 1st Workshop on Vector Space Modeling for Natural Language Processing},
	pages={1--7},
	year={2015}
}
@inproceedings{melamud2016context2vec,
	title={context2vec: Learning generic context embedding with bidirectional lstm},
	author={Melamud, Oren and Goldberger, Jacob and Dagan, Ido},
	booktitle={Proceedings of the SIGNLL Conference on Natural Language Learning (CONLL)},
	year={2016}
}
@inproceedings{roller2016pic,
	author =  {Roller, Stephen and Erk, Katrin},
	title =   {PIC a Different Word: A Simple Model for Lexical Substitution in Context},
	booktitle = {Proceedings of the 15th Annual Conference of the North American Chapter of the Association for Computational Linguistics: Human Language Technologies (NAACL-HLT)},
    month     = {June},
	year      = {2016},
	address   = {San Diego, California},
	publisher = {Association for Computational Linguistics}
}
@inproceedings{kremer2014substitutes,
	title={What Substitutes Tell Us-Analysis of an" All-Words" Lexical Substitution Corpus.},
	author={Kremer, Gerhard and Erk, Katrin and Pad{\'o}, Sebastian and Thater, Stefan},
	booktitle={Proceedings of the 14th Conference of the European Chapter of the Association for Computational Linguistics (EACL)},
	pages={540--549},
	year={2014}
}
@incollection{dagan2006pascal,
	title={The PASCAL recognising textual entailment challenge},
	author={Dagan, Ido and Glickman, Oren and Magnini, Bernardo},
	booktitle={Machine learning challenges. evaluating predictive uncertainty, visual object classification, and recognising textual entailment},
	pages={177--190},
	year={2006},
	publisher={Springer}
}
@inproceedings{gonzalez2012multilingual,
	title={Multilingual Central Repository version 3.0.},
	author={Gonzalez-Agirre, Aitor and Laparra, Egoitz and Rigau, German},
	booktitle={Proceedings of the Eighth International Conference on Language Resources and Evaluation (LREC)},
	pages={2525--2529},
	year={2012}
}
@inproceedings{bordea2016semeval,
	title={Semeval-2016 task 13: Taxonomy extraction evaluation (texeval-2)},
	author={Bordea, Georgeta and Lefever, Els and Buitelaar, Paul},
	booktitle={Proceedings of the 10th International Workshop on Semantic Evaluation (SemEval-2016)},
	pages={1081--1091},
	year={2016},
	organization={Association for Computational Linguistics}
}
@inproceedings{task17semeval2015,
  title={Semeval-2015 task 17: Taxonomy Extraction Evaluation (TExEval)},
  author={Bordea, Georgeta and Buitelaar, Paul and Faralli, Stefano and Navigli, Roberto},
  booktitle={Proceedings of the 9th International Workshop on Semantic Evaluation (SemEval-2015)},
  year={2015},
  organization={Association for Computational Linguistics}
}
@inproceedings{do2010constraints,
  title={Constraints based taxonomic relation classification},
  author={Do, Quang Xuan and Roth, Dan},
  booktitle={Proceedings of the 2010 Conference on Empirical Methods in Natural Language Processing (EMNLP)},
  pages={1099--1109},
  year={2010},
  organization={Association for Computational Linguistics}
}
@inproceedings{phillips2002exploiting,
  title={Exploiting strong syntactic heuristics and co-training to learn semantic lexicons},
  author={Phillips, William and Riloff, Ellen},
  booktitle={Proceedings of the 2002 Conference on Empirical Methods in Natural Language Processing (EMNLP)},
  pages={125--132},
  year={2002},
  organization={Association for Computational Linguistics}
}
@inproceedings{girju2003learning,
  title={Learning semantic constraints for the automatic discovery of part-whole relations},
  author={Girju, Roxana and Badulescu, Adriana and Moldovan, Dan},
  booktitle={Proceedings of the 2003 Human Language Technology Conference of the North American Chapter of the Association for Computational Linguistics (HLT-NAACL)},
  pages={1--8},
  year={2003},
  organization={Association for Computational Linguistics}
}
@inproceedings{pantel2006espresso,
  title={Espresso: Leveraging generic patterns for automatically harvesting semantic relations},
  author={Pantel, Patrick and Pennacchiotti, Marco},
  booktitle={Proceedings of the 21st International Conference on Computational Linguistics and 44th Annual Meeting of the Association for Computational Linguistics (ACL)},
  pages={113--120},
  year={2006},
  organization={Association for Computational Linguistics}
}
@inproceedings{suchanek2007yago,
  title={Yago: a core of semantic knowledge},
  author={Suchanek, Fabian M and Kasneci, Gjergji and Weikum, Gerhard},
  booktitle={Proceedings of the 16th International World Wide Web Conference (WWW)},
  pages={697--706},
  year={2007},
  organization={ACM}
}
@inproceedings{hovy2009toward,
  title={Toward completeness in concept extraction and classification},
  author={Hovy, Eduard and Kozareva, Zornitsa and Riloff, Ellen},
  booktitle={Proceedings of the 2009 Conference on Empirical Methods in Natural Language Processing (EMNLP)},
  pages={948--957},
  year={2009},
  organization={Association for Computational Linguistics}
}
@article{baroni2010strudel,
  title={Strudel: A corpus-based semantic model based on properties and types},
  author={Baroni, Marco and Murphy, Brian and Barbu, Eduard and Poesio, Massimo},
  journal={Cognitive science},
  volume={34},
  number={2},
  pages={222--254},
  year={2010},
  organization={Wiley Online Library}
}
@inproceedings{yamada2009hypernym,
  title={Hypernym discovery based on distributional similarity and hierarchical structures},
  author={Yamada, Ichiro and Torisawa, Kentaro and Kazama, Jun'ichi and Kuroda, Kow and Murata, Masaki and De Saeger, Stijn and Bond, Francis and Sumida, Asuka},
  booktitle={Proceedings of the 2009 Conference on Empirical Methods in Natural Language Processing (EMNLP)},
  pages={929--937},
  year={2009},
  organization={Association for Computational Linguistics}
}
@article{kelley1960cutting,
  title={The cutting-plane method for solving convex programs},
  author={Kelley, Jr, James E},
  journal={Journal of the society for Industrial and Applied Mathematics},
  volume={8},
  number={4},
  pages={703--712},
  year={1960},
  publisher={SIAM}
}
@article{johnson1975cycles,
author = {Donald B. Johnson},
title = {Finding All the Elementary Circuits of a Directed Graph},
journal = {SIAM Journal on Computing},
volume = {4},
number = {1},
pages = {77-84},
year = {1975},
}
@inproceedings{levy2015supervised,
  title={Do Supervised Distributional Methods Really Learn Lexical Inference Relations?},
  author={Levy, Omer and Remus, Steffen and Biemann, Chris and Dagan, Ido and Ramat-Gan, Israel},
  booktitle={Proceedings of the 2015 Conference of the North American Chapter of the Association for Computational Linguistics: Human Language Technologies (NAACL-HLT)},
  pages={970--976},
  year={2015}
}
@InProceedings{roller2016hypernymy,
  author = "Roller, Stephen and Erk, Katrin",
  title = "Relations such as Hypernymy: Identifying and Exploiting Hearst Patterns in Distributional Vectors for Lexical Entailment",
  booktitle = "Proceedings of the 2016 Conference on Empirical Methods in Natural Language Processing (EMNLP)",
  year = "2016",
  pages = "2163--2172",
}
@inproceedings{mikolov2013distributed,
  title={Distributed representations of words and phrases and their compositionality},
  author={Mikolov, Tomas and Sutskever, Ilya and Chen, Kai and Corrado, Greg S and Dean, Jeff},
  booktitle={Advances in Neural Information Processing Systems (NIPS)},
  pages={3111--3119},
  year={2013}
}
@InProceedings{pavlick-nenkova:2015:NAACL-HLT,
  author    = {Pavlick, Ellie  and  Nenkova, Ani},
  title     = {Inducing Lexical Style Properties for Paraphrase and Genre Differentiation},
  booktitle = {Proceedings of the 2015 Conference of the North American Chapter of the Association for Computational Linguistics: Human Language Technologies (NAACL-HLT)},
  month     = {May--June},
  year      = {2015},
  pages     = {218--224}
}
@inproceedings{snow2005learning,
  title={Learning syntactic patterns for automatic hypernym discovery},
  author={Snow, Rion and Jurafsky, Daniel and Ng, Andrew Y},
  booktitle={Advances in Neural Information Processing Systems (NIPS)},
  pages={1297--1304},
  year={2005}
}
@inproceedings{napoles2012annotated,
  title={Annotated gigaword},
  author={Napoles, Courtney and Gormley, Matthew and Van Durme, Benjamin},
  booktitle={Proceedings of the Joint Workshop on Automatic Knowledge Base Construction and Web-scale Knowledge Extraction},
  pages={95--100},
  year={2012},
  organization={Association for Computational Linguistics}
}
@article{scikit-learn,
 title={Scikit-learn: Machine Learning in {P}ython},
 author={Pedregosa, F. and Varoquaux, G. and Gramfort, A. and Michel, V.
         and Thirion, B. and Grisel, O. and Blondel, M. and Prettenhofer, P.
         and Weiss, R. and Dubourg, V. and Vanderplas, J. and Passos, A. and
         Cournapeau, D. and Brucher, M. and Perrot, M. and Duchesnay, E.},
 journal={Journal of Machine Learning Research},
 volume={12},
 pages={2825--2830},
 year={2011}
}
@article{shwartz2016cogalex,
  title={Cogalex-v shared task: Lexnet-integrated path-based and distributional method for the identification of semantic relations},
  author={Shwartz, Vered and Dagan, Ido},
  journal={arXiv preprint arXiv:1610.08694},
  year={2016}
}
@inproceedings{manandhar2010semeval,
  title={SemEval-2010 task 14: Word sense induction \& disambiguation},
  author={Manandhar, Suresh and Klapaftis, Ioannis P and Dligach, Dmitriy and Pradhan, Sameer S},
  booktitle={Proceedings of the 5th International Workshop on Semantic Evaluation (SemEval-2010)},
  pages={63--68},
  year={2010}
}

@article{breiman1996stacked,
  title={Stacked regressions},
  author={Breiman, Leo},
  journal={Machine learning},
  volume={24},
  number={1},
  pages={49--64},
  year={1996},
  publisher={Springer}
}
@techreport{de2008stanford,
title={Stanford typed dependencies manual},
author={De Marneffe, Marie-Catherine and Manning, Christopher D},
year={2008},
institution={Technical report, Stanford University}
}
@inproceedings{chen2014fast,
title={A fast and accurate dependency parser using neural networks},
author={Chen, Danqi and Manning, Christopher},
booktitle={Proceedings of the 2014 Conference on Empirical Methods in Natural Language Processing (EMNLP)},
pages={740--750},
year={2014}
}
@misc{ngrams,
author={Brants, Thorsten and Franz, Alex},
title={{Web 1T 5-gram Version 1 LDC2006T13}},
year={2006},
type={DVD},
note={Philadelphia: Linguistic Data Consortium}
}
@article{scikit-learn,
 title={Scikit-learn: Machine Learning in {P}ython},
 author={Pedregosa, F. and Varoquaux, G. and Gramfort, A. and Michel, V.
         and Thirion, B. and Grisel, O. and Blondel, M. and Prettenhofer, P.
         and Weiss, R. and Dubourg, V. and Vanderplas, J. and Passos, A. and
         Cournapeau, D. and Brucher, M. and Perrot, M. and Duchesnay, E.},
 journal={Journal of Machine Learning Research},
 volume={12},
 pages={2825--2830},
 year={2011}
}
@inproceedings{Manandhar:2010:STW:1859664.1859675,
 author = {Manandhar, Suresh and Klapaftis, Ioannis P. and Dligach, Dmitriy and Pradhan, Sameer S.},
 title = {SemEval-2010 Task 14: Word Sense Induction \& Disambiguation},
 booktitle = {Proceedings of the 5th International Workshop on Semantic Evaluation (SemEval-2010)},
 year = {2010},
 pages = {63--68},
 publisher = {Association for Computational Linguistics},
}
@inproceedings{pantel2002discovering,
  title={Discovering word senses from text},
  author={Pantel, Patrick and Lin, Dekang},
  booktitle={Proceedings of the eighth ACM SIGKDD international conference on Knowledge discovery and data mining},
  pages={613--619},
  year={2002},
  publisher={ACM}
}
@inproceedings{biemann2006chinese,
  title={Chinese whispers: an efficient graph clustering algorithm and its application to natural language processing problems},
  author={Biemann, Chris},
  booktitle={Proceedings of the first workshop on graph based methods for natural language processing},
  pages={73--80},
  year={2006},
  organization={Association for Computational Linguistics}
}
@inproceedings{lin1998automatic,
  title={Automatic retrieval and clustering of similar words},
  author={Lin, Dekang},
  booktitle={Proceedings of the 17th international conference on Computational linguistics-Volume 2},
  pages={768--774},
  year={1998},
  organization={Association for Computational Linguistics}
}
@article{brown1992class,
  title={Class-based n-gram models of natural language},
  author={Brown, Peter F and Desouza, Peter V and Mercer, Robert L and Pietra, Vincent J Della and Lai, Jenifer C},
  journal={Computational linguistics},
  volume={18},
  number={4},
  pages={467--479},
  year={1992},
  publisher={MIT Press}
}
@inproceedings{pereira1993distributional,
  title={Distributional clustering of English words},
  author={Pereira, Fernando and Tishby, Naftali and Lee, Lillian},
  booktitle={Proceedings of the 31st annual meeting on Association for Computational Linguistics (ACL)},
  pages={183--190},
  year={1993},
  organization={Association for Computational Linguistics}
}
@inproceedings{pantel2004towards,
  title={Towards terascale knowledge acquisition},
  author={Pantel, Patrick and Ravichandran, Deepak and Hovy, Eduard},
  booktitle={Proceedings of the 20th international conference on Computational Linguistics},
  pages={771},
  year={2004},
  organization={Association for Computational Linguistics}
}
@inproceedings{snow2005learning,
  title={Learning syntactic patterns for automatic hypernym discovery},
  author={Snow, Rion and Jurafsky, Daniel and Ng, Andrew Y},
  booktitle={Advances in Neural Information Processing Systems},
  pages={1297--1304},
  year={2005}
}
@inproceedings{caraballo1999automatic,
  title={Automatic construction of a hypernym-labeled noun hierarchy from text},
  author={Caraballo, Sharon A},
  booktitle={Proceedings of the 37th annual meeting of the Association for Computational Linguistics (ACL)},
  pages={120--126},
  year={1999},
  organization={Association for Computational Linguistics}
}
@inproceedings{cederberg2003using,
  title={Using LSA and noun coordination information to improve the precision and recall of automatic hyponymy extraction},
  author={Cederberg, Scott and Widdows, Dominic},
  booktitle={Proceedings of the seventh conference on Natural language learning at HLT-NAACL 2003-Volume 4},
  pages={111--118},
  year={2003},
  organization={Association for Computational Linguistics}
}
@inproceedings{pantel2006espresso,
  title={Espresso: Leveraging generic patterns for automatically harvesting semantic relations},
  author={Pantel, Patrick and Pennacchiotti, Marco},
  booktitle={Proceedings of the 21st International Conference on Computational Linguistics and the 44th annual meeting of the Association for Computational Linguistics (ACL)},
  pages={113--120},
  year={2006},
  organization={Association for Computational Linguistics}
}
@book{buitelaar2005ontology,
  title={Ontology learning from text: methods, evaluation and applications},
  author={Buitelaar, Paul and Cimiano, Philipp and Magnini, Bernardo},
  volume={123},
  year={2005},
  publisher={IOS press}
}
@article{nedellec2006ontologies,
  title={Ontologies and information extraction},
  author={N{\'e}dellec, Claire and Nazarenko, Adeline},
  journal={arXiv preprint cs/0609137},
  year={2006}
}
@article{lopez2007aqualog,
  title={AquaLog: An ontology-driven question answering system for organizational semantic intranets},
  author={Lopez, Vanessa and Uren, Victoria and Motta, Enrico and Pasin, Michele},
  journal={Web Semantics: Science, Services and Agents on the World Wide Web},
  volume={5},
  number={2},
  pages={72--105},
  year={2007},
  publisher={Elsevier}
}
@inproceedings{Moldovan:2003:CLP:1073445.1073467,
 author = {Moldovan, Dan and Clark, Christine and Harabagiu, Sanda and Maiorano, Steve},
 title = {COGEX: A Logic Prover for Question Answering},
 booktitle = {Proceedings of the 2003 Conference of the North American Chapter of the Association for Computational Linguistics on Human Language Technology - Volume 1},
 series = {NAACL},
 year = {2003},
 pages = {87--93},
 publisher = {Association for Computational Linguistics},
}
@article{navigli2009word,
  title={Word sense disambiguation: A survey},
  author={Navigli, Roberto},
  journal={ACM Computing Surveys (CSUR)},
  volume={41},
  number={2},
  pages={10},
  year={2009},
  publisher={ACM}
}
@inproceedings{geffet2005distributional,
  title={The distributional inclusion hypotheses and lexical entailment},
  author={Geffet, Maayan and Dagan, Ido},
  booktitle={Proceedings of the 43rd Annual Meeting on Association for Computational Linguistics (ACL)},
  pages={107--114},
  year={2005},
  organization={Association for Computational Linguistics}
}
@article{lenat1995cyc,
  title={CYC: A large-scale investment in knowledge infrastructure},
  author={Lenat, Douglas B},
  journal={Communications of the ACM},
  volume={38},
  number={11},
  pages={33--38},
  year={1995},
  publisher={ACM}
}
@inproceedings{matuszek2005searching,
  title={Searching for common sense: populating Cyc™ from the web},
  author={Matuszek, Cynthia and Witbrock, Michael and Kahlert, Robert C and Cabral, John and Schneider, David and Shah, Purvesh and Lenat, Doug},
  booktitle={Proceedings of the Twentieth National Conference on Artificial Intelligence (AAAI)},
  pages={1430--1435},
  year={2005}
}
@article{ferrucci2010building,
  title={Building Watson: An overview of the DeepQA project},
  author={Ferrucci, David and Brown, Eric and Chu-Carroll, Jennifer and Fan, James and Gondek, David and Kalyanpur, Aditya A and Lally, Adam and Murdock, J William and Nyberg, Eric and Prager, John and others},
  journal={AI magazine},
  volume={31},
  number={3},
  pages={59--79},
  year={2010}
}
@article{brown1999medical,
  title={The medical dictionary for regulatory activities (MedDRA)},
  author={Brown, Elliot G and Wood, Louise and Wood, Sue},
  journal={Drug safety},
  volume={20},
  number={2},
  pages={109--117},
  year={1999},
  publisher={Springer}
}
@article{vossen2004eurowordnet,
  title={Eurowordnet: a multilingual database of autonomous and language-specific wordnets connected via an inter-lingualindex},
  author={Vossen, Piek},
  journal={International Journal of Lexicography},
  volume={17},
  number={2},
  pages={161--173},
  year={2004},
  publisher={Oxford University Press}
}
@article{bodenreider2004unified,
  title={The unified medical language system (UMLS): integrating biomedical terminology},
  author={Bodenreider, Olivier},
  journal={Nucleic acids research},
  volume={32},
  number={suppl\_1},
  pages={D267--D270},
  year={2004},
  publisher={Oxford University Press}
}
@inproceedings{biemann2005ontology,
  title={Ontology learning from text: A survey of methods},
  author={Biemann, Chris},
  booktitle={LDV forum},
  volume={20},
  number={2},
  pages={75--93},
  year={2005}
}
@article{biemann2013text,
  title={Text: Now in 2D! a framework for lexical expansion with contextual similarity},
  author={Biemann, Chris and Riedl, Martin},
  journal={Journal of Language Modeling},
  volume={1},
  number={1},
  pages={55--95},
  year={2013}
}
@inproceedings{vyas2017detecting,
  title={Detecting Asymmetric Semantic Relations in Context: A Case-Study on Hypernymy Detection},
  author={Vyas, Yogarshi and Carpuat, Marine},
  booktitle={Proceedings of the 6th Joint Conference on Lexical and Computational Semantics (* SEM 2017)},
  pages={33--43},
  year={2017}
}
@inproceedings{fu2014learning,
  title={Learning semantic hierarchies via word embeddings},
  author={Fu, Ruiji and Guo, Jiang and Qin, Bing and Che, Wanxiang and Wang, Haifeng and Liu, Ting},
  booktitle={Proceedings of the 52nd Annual Meeting of the Association for Computational Linguistics (ACL)},
  pages={1199--1209},
  year={2014},
  organization={Association for Computational Linguistics}
}
@article{chang2017unsupervised,
  title={Unsupervised Hypernym Detection by Distributional Inclusion Vector Embedding},
  author={Chang, Haw-Shiuan and Wang, ZiYun and Vilnis, Luke and McCallum, Andrew},
  journal={arXiv preprint arXiv:1710.00880},
  year={2017}
}
@article{aho1972transitive,
  title={The transitive reduction of a directed graph},
  author={Aho, Alfred V. and Garey, Michael R and Ullman, Jeffrey D.},
  journal={SIAM Journal on Computing},
  volume={1},
  number={2},
  pages={131--137},
  year={1972},
  publisher={SIAM}
}
@misc{gurobi,
   author = "Gurobi Optimization, Inc.",
   title = "Gurobi Optimizer Reference Manual",
   year = 2016,
   url = "http://www.gurobi.com"
 }
 @article{kelley1960cutting,
  title={The cutting-plane method for solving convex programs},
  author={Kelley, Jr, James E},
  journal={Journal of the society for Industrial and Applied Mathematics},
  volume={8},
  number={4},
  pages={703--712},
  year={1960},
  publisher={SIAM}
}
@inproceedings{schoenmackers2010learning,
  title={Learning first-order horn clauses from web text},
  author={Schoenmackers, Stefan and Etzioni, Oren and Weld, Daniel S and Davis, Jesse},
  booktitle={Proceedings of the 2010 Conference on Empirical Methods in Natural Language Processing (EMNLP)},
  pages={1088--1098},
  year={2010},
  organization={Association for Computational Linguistics}
}
@inproceedings{fader2011identifying,
  title={Identifying relations for open information extraction},
  author={Fader, Anthony and Soderland, Stephen and Etzioni, Oren},
  booktitle={Proceedings of the 2011 Conference on Empirical Methods in Natural Language Processing (EMNLP)},
  pages={1535--1545},
  year={2011},
  organization={Association for Computational Linguistics}
}
@article{tarjan1977finding,
  title={Finding optimum branchings},
  author={Tarjan, Robert Endre},
  journal={Networks},
  volume={7},
  number={1},
  pages={25--35},
  year={1977},
  publisher={Wiley Online Library}
}
@article{chu1965shortest,
  title={On the shortest arborescence of a directed graph},
  author={Chu, Yoeng-Jin},
  journal={Science Sinica},
  volume={14},
  pages={1396--1400},
  year={1965}
}
@article{edmonds1967optimum,
  title={Optimum branchings},
  author={Edmonds, Jack},
  journal={Journal of Research of the National Bureau of Standards B},
  volume={71},
  number={4},
  pages={233--240},
  year={1967}
}
@inproceedings{yamada2009hypernym,
  title={Hypernym discovery based on distributional similarity and hierarchical structures},
  author={Yamada, Ichiro and Torisawa, Kentaro and Kazama, Jun'ichi and Kuroda, Kow and Murata, Masaki and De Saeger, Stijn and Bond, Francis and Sumida, Asuka},
  booktitle={Proceedings of the 2009 Conference on Empirical Methods in Natural Language Processing (EMNLP)},
  pages={929--937},
  year={2009},
  organization={Association for Computational Linguistics}
}
@inproceedings{pantel2004automatically,
  title={Automatically Labeling Semantic Classes.},
  author={Pantel, Patrick and Ravichandran, Deepak},
  booktitle={Proceedings of the Human Language Technology Conference of the North American Chapter of the Association for Computational Linguistics (HLT-NAACL)},
  pages={321--328},
  year={2004},
  organization={Association for Computational Linguistics}
}
@inproceedings{shinzato2004acquiring,
  title={Acquiring Hyponymy Relations from Web Documents.},
  author={Shinzato, Keiji and Torisawa, Kentaro},
  booktitle={Proceedings of the Human Language Technology Conference of the North American Chapter of the Association for Computational Linguistics (HLT-NAACL)},
  pages={73--80},
  year={2004},
  organization={Association for Computational Linguistics}
}
@article{etzioni2005unsupervised,
  title={Unsupervised named-entity extraction from the web: An experimental study},
  author={Etzioni, Oren and Cafarella, Michael and Downey, Doug and Popescu, Ana-Maria and Shaked, Tal and Soderland, Stephen and Weld, Daniel S and Yates, Alexander},
  journal={Artificial intelligence},
  volume={165},
  number={1},
  pages={91--134},
  year={2005},
  publisher={Elsevier}
}
@article{kozareva2008semantic,
  title={Semantic Class Learning from the Web with Hyponym Pattern Linkage Graphs},
  author={Kozareva, Zornitsa and Riloff, Ellen and Hovy, Eduard},
  journal={Proceedings of ACL-08: HLT},
  pages={1048},
  year={2008},
  organization={Association for Computational Linguistics}
}
@inproceedings{girju2003learning,
  title={Learning semantic constraints for the automatic discovery of part-whole relations},
  author={Girju, Roxana and Badulescu, Adriana and Moldovan, Dan},
  booktitle={Proceedings of the 2003 Conference of the North American Chapter of the Association for Computational Linguistics on Human Language Technology (NAACL-HLT)},
  pages={1--8},
  year={2003},
  organization={Association for Computational Linguistics}
}
@inproceedings{ritter2009anyway,
  title={What Is This, Anyway: Automatic Hypernym Discovery.},
  author={Ritter, Alan and Soderland, Stephen and Etzioni, Oren},
  booktitle={AAAI Spring Symposium: Learning by Reading and Learning to Read},
  pages={88--93},
  year={2009}
}
@inproceedings{hovy2009toward,
  title={Toward completeness in concept extraction and classification},
  author={Hovy, Eduard and Kozareva, Zornitsa and Riloff, Ellen},
  booktitle={Proceedings of the 2009 Conference on Empirical Methods in Natural Language Processing (EMNLP)},
  pages={948--957},
  year={2009},
  organization={Association for Computational Linguistics}
}
@inproceedings{pasca2004acquisition,
  title={Acquisition of categorized named entities for web search},
  author={Pa{\c{s}}ca, Marius},
  booktitle={Proceedings of the thirteenth ACM international conference on Information and knowledge management},
  pages={137--145},
  year={2004},
  organization={ACM}
}
@inproceedings{pacsca2007weakly,
  title={Weakly-supervised discovery of named entities using web search queries},
  author={Pa{\c{s}}ca, Marius},
  booktitle={Proceedings of the sixteenth ACM conference on Conference on information and knowledge management},
  pages={683--690},
  year={2007},
  organization={ACM}
}
@article{harris1954distributional,
  title={Distributional structure},
  author={Harris, Zellig S},
  journal={Word},
  volume={10},
  number={2-3},
  pages={146--162},
  year={1954},
  publisher={Taylor \& Francis}
}
@phdthesis{caraballo2001automatic,
  title={Automatic Acquisition of a Hypernym-Labeled Noun Hierarchy from Text. Brown University Ph. D},
  author={Caraballo, SA},
  year={2001},
  school={Thesis}
}
@inproceedings{ustalov2017watset,
  title={Watset: Automatic Induction of Synsets from a Graph of Synonyms},
  author={Ustalov, Dmitry and Panchenko, Alexander and Biemann, Chris},
  booktitle={Proceedings of the 55th Meeting of the Association for Computational Linguistics (ACL)},
  year={2017},
  pages={1579--1590},
  organization={Association for Computational Linguistics}
}
@book{manning1999foundations,
  title={Foundations of statistical natural language processing},
  author={Manning, Christopher D and Sch{\"u}tze, Hinrich and others},
  volume={999},
  year={1999},
  publisher={MIT Press}
}
@inproceedings{riloff1997corpus,
  title={A Corpus-Based Approach for Building Semantic Lexicons},
  author={Riloff, Ellen and Shepherd, Jessica},
  booktitle={Proceedings of the Second Conference on Empirical Methods in Natural Language Processing (EMNLP)},
  year={1997}
}
@inproceedings{roark1998noun,
  title={Noun-phrase co-occurrence statistics for semiautomatic semantic lexicon construction},
  author={Roark, Brian and Charniak, Eugene},
  booktitle={Proceedings of the 17th international conference on Computational linguistics-Volume 2},
  pages={1110--1116},
  year={1998},
  organization={Association for Computational Linguistics}
}
@inproceedings{espinosa2016supervised,
  title={Supervised distributional hypernym discovery via domain adaptation},
  author={Espinosa-Anke, Luis and Camacho-Collados, Jose and Bovi, Claudio Delli and Saggion, Horacio},
  booktitle={Proceedings of the 2016 Conference on Empirical Methods in Natural Language Processing (EMNLP)},
  pages={424--435},
  year={2016}
}
@article{shwartz2016hypernyms,
  title={Hypernyms under siege: Linguistically-motivated artillery for hypernymy detection},
  author={Shwartz, Vered and Santus, Enrico and Schlechtweg, Dominik},
  journal={Proceedings of the 15th Conference of the European Chapter of the Association for Computational Linguistics (EACL)},
  year={2017},
  pages={65–-75}
}
@inproceedings{santus2014chasing,
  title={Chasing Hypernyms in Vector Spaces with Entropy.},
  author={Santus, Enrico and Lenci, Alessandro and Lu, Qin and Im Walde, Sabine Schulte},
  booktitle={Proceedings of the 14th Conference of the European Chapter of the Association for Computational Linguistics (EACL)},
  pages={38--42},
  year={2014}
}
@inproceedings{rimell2014distributional,
  title={Distributional Lexical Entailment by Topic Coherence.},
  author={Rimell, Laura},
  booktitle={Proceedings of the 14th Conference of the European Chapter of the Association for Computational Linguistics (EACL)},
  pages={511--519},
  year={2014}
}
@inproceedings{lin1998information,
  title={An information-theoretic definition of similarity.},
  author={Lin, Dekang and others},
  booktitle={Proceedings of the 15th International Conference on Machine Learning (ICML)},
  volume={98},
  number={1998},
  pages={296--304},
  year={1998}
}
@article{santus2016nine,
  title={Nine features in a random forest to learn taxonomical semantic relations},
  author={Santus, Enrico and Lenci, Alessandro and Chiu, Tin-Shing and Lu, Qin and Huang, Chu-Ren},
  journal={Proceedings of the Tenth International Conference on Language Resources and Evaluation (LREC)},
pages={4557–-4564},
  year={2016}
}
@inproceedings{clarke2009context,
  title={Context-theoretic semantics for natural language: an overview},
  author={Clarke, Daoud},
  booktitle={Proceedings of the workshop on geometrical models of natural language semantics},
  pages={112--119},
  year={2009},
  organization={Association for Computational Linguistics}
}
@inproceedings{lenci2012identifying,
  title={Identifying hypernyms in distributional semantic spaces},
  author={Lenci, Alessandro and Benotto, Giulia},
  booktitle={Proceedings of the First Joint Conference on Lexical and Computational Semantics-Volume 1: Proceedings of the main conference and the shared task, and Volume 2: Proceedings of the Sixth International Workshop on Semantic Evaluation},
  pages={75--79},
  year={2012},
  organization={Association for Computational Linguistics}
}
@article{kotlerman2010directional,
  title={Directional distributional similarity for lexical inference},
  author={Kotlerman, Lili and Dagan, Ido and Szpektor, Idan and Zhitomirsky-Geffet, Maayan},
  journal={Natural Language Engineering},
  volume={16},
  number={4},
  pages={359--389},
  year={2010},
  publisher={Cambridge University Press}
}
@inproceedings{weeds2003general,
  title={A general framework for distributional similarity},
  author={Weeds, Julie and Weir, David},
  booktitle={Proceedings of the 2003 conference on Empirical Methods in Natural Language Processing (EMNLP)},
  pages={81--88},
  year={2003},
  organization={Association for Computational Linguistics}
}
@inproceedings{cutting92scatter,
    author = {Douglass R. Cutting and David R. Karger and Jan O. Pedersen and John W. Tukey},
    title = {Scatter/Gather: A Cluster-based Approach to Browsing Large Document Collections},
    booktitle = {Proceedings of ACM SIGIR},
    year = {1992},
    pages = {318--329}
}
@book{hartigan1975clustering,
  title={Clustering algorithms},
  author={Hartigan, John A and Hartigan, JA},
  volume={209},
  year={1975},
  publisher={Wiley New York}
}
@inproceedings{nakashole2012patty,
  title={{PATTY}: A taxonomy of relational patterns with semantic types},
  author={Nakashole, Ndapandula and Weikum, Gerhard and Suchanek, Fabian},
  booktitle={Proceedings of the 2012 Joint Conference on Empirical Methods in Natural Language Processing and Computational Natural Language Learning (EMNLP)},
  pages={1135--1145},
  year={2012},
  organization={Association for Computational Linguistics}
}
@article{auer2007dbpedia,
  title={Dbpedia: A nucleus for a web of open data},
  author={Auer, S{\"o}ren and Bizer, Christian and Kobilarov, Georgi and Lehmann, Jens and Cyganiak, Richard and Ives, Zachary},
  journal={The semantic web},
  pages={722--735},
  year={2007},
  publisher={Springer}
}
@article{vrandevcic2014wikidata,
  title={Wikidata: a free collaborative knowledgebase},
  author={Vrande{\v{c}}i{\'c}, Denny and Kr{\"o}tzsch, Markus},
  journal={Communications of the ACM},
  volume={57},
  number={10},
  pages={78--85},
  year={2014},
  publisher={ACM}
}
@inproceedings{suchanek2007yago,
  title={Yago: a core of semantic knowledge},
  author={Suchanek, Fabian M and Kasneci, Gjergji and Weikum, Gerhard},
  booktitle={Proceedings of the 16th international conference on World Wide Web (WWW)},
  pages={697--706},
  year={2007},
  organization={ACM}
}
@inproceedings{baroni2012entailment,
  title={Entailment above the word level in distributional semantics},
  author={Baroni, Marco and Bernardi, Raffaella and Do, Ngoc-Quynh and Shan, Chung-chieh},
  booktitle={Proceedings of the 13th Conference of the European Chapter of the Association for Computational Linguistics (EACL)},
  pages={23--32},
  year={2012},
  organization={Association for Computational Linguistics}
}
@inproceedings{pennington2014glove,
  title={Glove: Global vectors for word representation},
  author={Pennington, Jeffrey and Socher, Richard and Manning, Christopher},
  booktitle={Proceedings of the 2014 conference on Empirical Methods in Natural Language Processing (EMNLP)},
  pages={1532--1543},
  year={2014}
}
@inproceedings{weeds2014learning,
  title={Learning to distinguish hypernyms and co-hyponyms},
  author={Weeds, Julie and Clarke, Daoud and Reffin, Jeremy and Weir, David and Keller, Bill},
  booktitle={Proceedings of COLING 2014, the 25th International Conference on Computational Linguistics: Technical Papers},
  pages={2249--2259},
  year={2014},
  organization={Dublin City University and Association for Computational Linguistics}
}
@inproceedings{riezler2007statistical,
  title={Statistical machine translation for query expansion in answer retrieval},
  author={Riezler, Stefan and Vasserman, Alexander and Tsochantaridis, Ioannis and Mittal, Vibhu and Liu, Yi},
  booktitle={Proceedings of the 45th Annual Meeting of the Association For Computational Linguistics (ACL)},
  pages={464--471},
  year={2007}
}
@article{kruszewski2015deriving,
  title={Deriving boolean structures from distributional vectors},
  author={Kruszewski, German and Paperno, Denis and Baroni, Marco},
  journal={Transactions of the Association for Computational Linguistics (TACL)},
  volume={3},
  pages={375--388},
  year={2015}
}
@article{vendrov2015order,
  title={Order-embeddings of images and language},
  author={Vendrov, Ivan and Kiros, Ryan and Fidler, Sanja and Urtasun, Raquel},
  journal={arXiv preprint arXiv:1511.06361},
  year={2015}
}
@article{li2017improved,
  title={Improved Representation Learning for Predicting Commonsense Ontologies},
  author={Li, Xiang and Vilnis, Luke and McCallum, Andrew},
  journal={arXiv preprint arXiv:1708.00549},
  year={2017}
}
@inproceedings{gupta2016revisiting,
  title={Revisiting taxonomy induction over wikipedia},
  author={Gupta, Amit and Piccinno, Francesco and Kozhevnikov, Mikhail and Pasca, Marius and Pighin, Daniele},
  booktitle={Proceedings of COLING 2016, the 26th International Conference on Computational Linguistics: Technical Papers},
  number={EPFL-CONF-227401},
  pages={2300--2309},
  year={2016}
}
@inproceedings{vyas2017detecting,
  title={Detecting Asymmetric Semantic Relations in Context: A Case-Study on Hypernymy Detection},
  author={Vyas, Yogarshi and Carpuat, Marine},
  booktitle={Proceedings of the 6th Joint Conference on Lexical and Computational Semantics (* SEM 2017)},
  pages={33--43},
  year={2017}
}
@inproceedings{socher2013reasoning,
  title={Reasoning with neural tensor networks for knowledge base completion},
  author={Socher, Richard and Chen, Danqi and Manning, Christopher D and Ng, Andrew},
  booktitle={Advances in Neural Information Processing Systems (NIPS)},
  pages={926--934},
  year={2013}
}
@inproceedings{wang2014knowledge,
  title={Knowledge Graph Embedding by Translating on Hyperplanes.},
  author={Wang, Zhen and Zhang, Jianwen and Feng, Jianlin and Chen, Zheng},
  booktitle={Proceedings of the 28th Conference on Artificial Intelligence (AAAI)},
  pages={1112--1119},
  year={2014}
}
@inproceedings{wang2014knowledgegraph,
  title={Knowledge Graph and Text Jointly Embedding.},
  author={Wang, Zhen and Zhang, Jianwen and Feng, Jianlin and Chen, Zheng},
  booktitle={Proceedings of the 2014 Conference on Empirical Methods in Natural Language Processing (EMNLP)},
  volume={14},
  pages={1591--1601},
  year={2014}
}
@inproceedings{bordes2013translating,
  title={Translating embeddings for modeling multi-relational data},
  author={Bordes, Antoine and Usunier, Nicolas and Garcia-Duran, Alberto and Weston, Jason and Yakhnenko, Oksana},
  booktitle={Advances in Neural Information Processing Systems},
  pages={2787--2795},
  year={2013}
}
@inproceedings{navigli2003analysis,
  title={An analysis of ontology-based query expansion strategies},
  author={Navigli, Roberto and Velardi, Paola},
  booktitle={Proceedings of the 14th European Conference on Machine Learning, Workshop on Adaptive Text Extraction and Mining},
  pages={42--49},
  year={2003}
}
@inproceedings{denkowski2010meteor,
  title={Meteor-next and the meteor paraphrase tables: Improved evaluation support for five target languages},
  author={Denkowski, Michael and Lavie, Alon},
  booktitle={Proceedings of the Joint Fifth Workshop on Statistical Machine Translation and Metrics (MATR)},
  pages={339--342},
  year={2010}
}
@inproceedings{speer2012representing,
  title={Representing General Relational Knowledge in {ConceptNet} 5},
  author={Speer, Robert and Havasi, Catherine},
  booktitle={Proceedings of the Eighth International
Conference on Language Resources and Evaluation
(LREC)},
  pages={3679--3686},
  year={2012}
}
@inproceedings{roller2014inclusive,
  title={Inclusive yet Selective: Supervised Distributional Hypernymy Detection.},
  author={Roller, Stephen and Erk, Katrin and Boleda, Gemma},
  booktitle={Proceeedings of the 25th International Conference on Computational
Linguistics: Technical Papers (COLING)},
  pages={1025--1036},
  year={2014}
}
@article{dagan2009recognizing,
  title={Recognizing textual entailment: Rational, evaluation and approaches},
  author={Dagan, Ido and Dolan, Bill and Magnini, Bernardo and Roth, Dan},
  journal={Natural Language Engineering},
  volume={15},
  number={4},
  pages={i--xvii},
  year={2009},
  publisher={Cambridge University Press}
}
@article{speer2016ensemble,
  title={An ensemble method to produce high-quality word embeddings},
  author={Speer, Robert and Chin, Joshua},
  journal={arXiv preprint arXiv:1604.01692},
  year={2016}
}
@inproceedings{apidianaki2016vector,
  title={Vector-space models for PPDB paraphrase ranking in context.},
  author={Apidianaki, Marianna},
  booktitle={EMNLP},
  pages={2028--2034},
  year={2016}
}

%%%%%%%%%%%%%%%%%%%%%%%%%%%%%%%%%%%%%%%%%%
%% ClUstering Paraphrases by Word Sense
%%%%%%%%%%%%%%%%%%%%%%%%%%%%%%%%%%%%%%%%%%

@InProceedings{Apidianaki:10,
author = {Marianna Apidianaki and Yifan He},
title = {An algorithm for cross-lingual sense clustering tested in a {MT} evaluation setting},
booktitle = {Proceedings of the 7th International Workshop on Spoken Language Translation (IWSLT-10)},
year = {2010},
OPTpages = {219-226}
}

@InProceedings{Apidianaki:14,
author = {Marianna Apidianaki and Emilia Verzeni and Diana McCarthy},
title = {Semantic Clustering of Pivot Paraphrases},
booktitle = {Proceedings of the Ninth International Conference on Language Resources and Evaluation (LREC 2014)},
year={2014},
OPTpages = {4270-4275}
}
@InProceedings{Artiles:09,
author = {Javier Artiles and Enrique Amigo and Julio Gonzalo},
title = {The role of named entities in Web People Search},
booktitle = {Proceedings of the 2009 Conference on Empirical Methods in Natural Language Processing},
year={2009},
OPTpages = {534-542},
OPTorganization = {Association for Computational Linguistics}
}

@InProceedings{Bannard:05,
author = {Colin Bannard and Chris Callison-Burch},
title = {Paraphrasing with Bilingual Parallel Corpora},
booktitle = {Proceedings of the 43rd Annual Meeting of the Association for Computational Linguistics (ACL 05)},
year = {2005},
OPTpages = {597-604},
OPTorganization = {Association for Computational Linguistics}
}

@InProceedings{Callison-Burch:08,
author = {Chris Callison-Burch},
title = {Syntactic Constraints on Paraphrases Extracted from Parallel Corpora},
booktitle = {Proceedings of the 2008 Conference on Empirical Methods in Natural Language Processing},
year={2008},
OPTpages = {196-205},
OPTorganization = {Association for Computational Linguistics}
}

@InProceedings{Chen:14,
author = {Quanze Chen and Chenyang Lei and Wei Xu and Ellie Pavlick and Chris Callison-Burch},
title = {Poetry of the Crowd: A Human Computation Algorithm to Convert Prose into Rhyming Verse},
booktitle = {Adjunct to the Proceedings of the Second AAAI Conference on Human Computation and Crowdsourcing},
year={2014},
OPTpages = {10-11},
OPTorganization = {Association for the Advancement of Artificial Intelligence}
}

@PhdThesis{Diab:03,
author = {Mona Talat Diab},
title = {Word sense disambiguation within a multilingual framework},
school = {University of Maryland},
year = {2003}
}

@InProceedings{Dolan:04,
author = {William Dolan and Chris Quirk and Chris Brockett},
title = {Unsupervised Construction of Large Paraphrase Corpora: Exploiting Massively Parallel News Sources},
booktitle = {Proceedings of the International Conference of Computational Linguistics (COLING 2004)},
year = {2004}
}

@InProceedings{Ganitkevitch:13,
author = {Juri Ganitkevitch and Benjamin Van Durme and Chris Callison-Burch},
title = {{PPDB}: The Paraphrase Database},
booktitle = {Proceedings of NAACL-HLT 2013},
year={2013},
OPTpages = {758-764},
OPTorganization = {Association for Computational Linguistics}
}
@book{Levin:93,
	title={English verb classes and alternations: A preliminary investigation},
	author={Levin, Beth},
	year={1993},
	publisher={University of Chicago press}
}
@Article{Lin:01,
author = {Dekang Lin and Patrick Pantel},
title = {Discovery of Inference Rules for Question Answering},
journal = {Natural Language Engineering},
year = {2001},
OPTvolume = {7},
OPTnumber = {4},
OPTpages = {343-360}
}
@InProceedings{Manandhar:10,
author = {Suresh Manandhar and Ioannis Klapaftis and Dmitriy Dligach and Sameer Pradhan},
title = {{SemEval}-2010 {Task} 14: Word Sense Induction \& Disambiguation},
booktitle = {Proceedings of the Fifth International Workshop on Semantic Evaluations (SemEval-2010)},
year={2010},
OPTpages = {63-68},
OPTorganization = {Association for Computational Linguistics}
}
@InProceedings{McCarthy:07,
author = {Diana McCarthy and Roberto Navigli},
title = {SemEval-2007 Task 10: English Lexical Substitution Task},
booktitle = {Proceedings of the Fourth International Workshop on Semantic Evaluations (SemEval-2007)},
year={2007},
OPTpages = {48-53},
OPTorganization = {Association for Computational Linguistics}
}

@InProceedings{Melamud:15,
author = {Oren Melamud and Ido Dagan and Jacob Goldberger},
title = {Modeling Word Meaning in Context with Substitute Vectors},
booktitle = {Human Language Technologies: The 2015 Annual Conference of the North American Chapter of the ACL},
year={2015},
OPTpages = {472-482},
OPTorganization = {Association for Computational Linguistics}
}

@InProceedings{Mikolov:13,
author = {Tomas Mikolov and Ilya Sutskever and Kai Chen and Greg Corrado and Jeffrey Dean},
title = {Distributed Representations of Words and Phrases and their Compositionality},
booktitle = {Proceedings of NIPS},
year = {2013}
}

@Article{Navigli:09,
author = {Roberto Navigli},
title = {Word sense disambiguation: A survey},
journal = {ACM Computing Surveys},
year = {2009},
OPTvolume = {41},
OPTnumber = {2},
OPTpages = {10},
OPTorganization={ACM}
}

@Article{Ng:01,
author = {Andrew Ng and Michael Jordan and Y. Weiss},
title = {On spectral clustering: Analysis and an algorithm},
journal = {Advances in Neural Information Processing Systems},
year = {2001},
OPTvolume={14}
}

@Article{Palmer:01,
author = {Martha Palmer and Hoa Trang Dang and Christiane Fellbaum},
title = {Making fine-grained and coarse-grained sense distinctions, both manually and automatically},
journal = {Natural Language Engineering},
year = {2001},
OPTvolume = {1},
OPTnumber = {000-000}
}

@InProceedings{Pavlick:15a,
author = {Ellie Pavlick and Johannes Bos and Malvina Nissim and Charley Beller and Benjamin Van Durme,and Chris Callison-Burch},
title = {Adding Semantics to Data-Driven Paraphrasing},
booktitle = {Proceedings of the 53rd Annual Meeting of the Association for Computational Linguistics (ACL 2015)},
year={2015},
OPTpages = {1512-1522},
OPTorganization = {Association for Computational Linguistics}
}

@inproceedings{Pavlick:15b,
  title={{PPDB} 2.0: Better paraphrase ranking, fine-grained entailment relations, word embeddings, and style classification},
  author={Ellie Pavlick and Johan Bos and Malvina Nissim and Charley Beller and Benjamin Van Durme and Chris Callison-Burch},
  booktitle={Proceedings of the 53rd Annual Meeting of the Association for Computational Linguistics (ACL 2015)},
  year={2015}
}


@InProceedings{PavlickEtAl-2015:ACL:FNPlus,
  author =  {Ellie Pavlick and Travis Wolfe and Pushpendre Rastogi and Chris Callison-Burch and Mark Drezde and Benjamin Van Durme},
  title =   {{FrameNet}+: Fast Paraphrastic Tripling of {FrameNet}},
  booktitle = {Proceedings of the 53rd Annual Meeting of the Association for Computational Linguistics (ACL 2015)},
  month     = {July},
  year      = {2015},
  address   = {Beijing, China},
  publisher = {Association for Computational Linguistics},
}




@inproceedings{Rapp:03,
  title={Word sense discovery based on sense descriptor dissimilarity},
  author={Rapp, Reinhard},
  booktitle={Proceedings of the Ninth Machine Translation Summit},
  pages={315--322},
  year={2003}
}

@inproceedings{Rosenberg:07,
  title={V-Measure: A Conditional Entropy-Based External Cluster Evaluation Measure.},
  author={Rosenberg, Andrew and Hirschberg, Julia},
  booktitle={EMNLP-CoNLL},
  volume={7},
  pages={410--420},
  year={2007}
}
@article{Rousseeuw:87,
	title={Silhouettes: a graphical aid to the interpretation and validation of cluster analysis},
	author={Rousseeuw, Peter J},
	journal={Journal of computational and applied mathematics},
	volume={20},
	pages={53--65},
	year={1987},
	publisher={Elsevier}
}
@inproceedings{Shutova:13,
  title={Unsupervised Metaphor Identification Using Hierarchical Graph Factorization Clustering.},
  author={Shutova, Ekaterina and Sun, Lin},
  booktitle={HLT-NAACL},
  pages={978--988},
  year={2013}
}
@inproceedings{Sun:11,
  title={Hierarchical verb clustering using graph factorization},
  author={Sun, Lin and Korhonen, Anna},
  booktitle={Proceedings of the Conference on Empirical Methods in Natural Language Processing},
  pages={1023--1033},
  year={2011},
  organization={Association for Computational Linguistics}
}

@inproceedings{Yatbaz:12,
  title={Learning syntactic categories using paradigmatic representations of word context},
  author={Yatbaz, Mehmet Ali and Sert, Enis and Yuret, Deniz},
  booktitle={Proceedings of the 2012 Joint Conference on Empirical Methods in Natural Language Processing and Computational Natural Language Learning},
  pages={940--951},
  year={2012},
  organization={Association for Computational Linguistics}
}

@inproceedings{Yu:06,
  title={Soft clustering on graphs},
  author={Yu, Kai and Yu, Shipeng and Tresp, Volker},
  booktitle={Advances in neural information processing systems},
  pages={1553--1560},
  year={2005}
}

@inproceedings{Zelnik:04,
  title={Self-tuning spectral clustering},
  author={Zelnik-Manor, Lihi and Perona, Pietro},
  booktitle={Advances in neural information processing systems},
  pages={1601--1608},
  year={2004}
}

@inproceedings{Zhou:04,
  title={Semi-supervised learning on directed graphs},
  author={Zhou, Dengyong and Hofmann, Thomas and Sch{\"o}lkopf, Bernhard},
  booktitle={Advances in neural information processing systems},
  pages={1633--1640},
  year={2004}
}

@inproceedings{Gale:1992,
    author = {William A. Gale and Kenneth W. Church and David Yarowsky},
    title = { Using Bilingual Materials to Develop Word Sense Disambiguation Methods},
    booktitle = {Proceedings of the Fourth International Conference on Theoretical and Methodological Issues in Machine Translation},
    year = {1992}
}

@InProceedings{yao-vandurme-callisonburch:2012:NAACL-HLT,
   author    = {Yao, Xuchen and {Van Durme}, Benjamin and Callison-Burch, Chris},
   title     = {Expectations of Word Sense in Parallel Corpora},
   booktitle = {The 2012 Conference of the North American Chapter of the Association for Computational Linguistics},
   month     = {June},
   year      = {2012},
   address   = {Montr{\'e}al, Canada},
   publisher = {Association for Computational Linguistics},
   pages     = {621--625},
   url       = {http://www.aclweb.org/anthology/N12-1078}
 }
@inproceedings{navigli2013semeval,
	title={Semeval-2013 task 11: Word sense induction and disambiguation within an end-user application},
	author={Navigli, Roberto and Vannella, Daniele},
	booktitle={Second Joint Conference on Lexical and Computational Semantics (* SEM)},
	volume={2},
	pages={193--201},
	year={2013}
}
@inproceedings{baroni2014don,
	title={Don’t count, predict! a systematic comparison of context-counting vs. context-predicting semantic vectors},
	author={Baroni, Marco and Dinu, Georgiana and Kruszewski, Germ{\'a}n},
	booktitle={Proceedings of the 52nd Annual Meeting of the Association for Computational Linguistics},
	volume={1},
	pages={238--247},
	year={2014}
}
@phdthesis{almuhareb2006attributes,
	title={Attributes in \begin{flushright}
	l
	\end{flushright}exical acquisition},
	author={Almuhareb, Abdulrahman},
	year={2006},
	school={University of Essex}
}
@inproceedings{esslli2008,
	title={Bridging the Gap between Semantic Theory and Computational Simulations: Proceedings of the ESSLLI Workshop on Distributional Lexical Semantics},
	author={Baroni, Marco and Evert, Stefan and Lenci, Alessandro, editors},
	year={2008},
	booktitle={FOLLI, Hamburg}
}
@inproceedings{cocos16naacl,
	title={Clustering Paraphrases by Sense},
	author={Cocos, Anne and Callison-Burch, Chris},
	year={2016},
	booktitle={NAACL-2016}
}
@inproceedings{cinkova2012managing,
	title={Managing uncertainty in semantic tagging},
	author={Cinkov{\'a}, Silvie and Holub, Martin and Kr{\'\i}{\v{z}}, Vincent},
	booktitle={Proceedings of the 13th Conference of the European Chapter of the Association for Computational Linguistics},
	pages={840--850},
	year={2012},
	organization={Association for Computational Linguistics}
}
@InProceedings{callisonburch:2008:EMNLP,
	author    = {Callison-Burch, Chris},
	title     = {Syntactic Constraints on Paraphrases Extracted from Parallel Corpora},
	booktitle = {Proceedings of the 2008 Conference on Empirical Methods in Natural Language Processing},
	month     = {October},
	year      = {2008},
	address   = {Honolulu, Hawaii},
	publisher = {Association for Computational Linguistics},
	pages     = {196--205},
	url       = {http://www.aclweb.org/anthology/D08-1021}
}
@article{dunn1973fuzzy,
	title={A fuzzy relative of the ISODATA process and its use in detecting compact well-separated clusters},
	author={Dunn, Joseph C},
	year={1973},
	publisher={Taylor \& Francis}
}

%%%%%%%%%%%%%%%%%%%%%%%%%%%%%%
% Multi-View Clustering
%%%%%%%%%%%%%%%%%%%%%%%%%%%%%%
@inproceedings{reddy2011dynamic,
  title={Dynamic and Static Prototype Vectors for Semantic Composition},
  author={Siva Reddy and Ioannis P. Klapaftis and Diana McCarthy and Suresh Manandhar},
  booktitle={Proceedings of The 5th International Joint Conference on Natural Language Processing 2011 (IJCNLP 2011)},
  month     = {November},
  year      = {2011},
  address   = {Chiang Mai, Thailand},
  url       = {http://sivareddy.in/papers/ijcnlp2011dynamic.pdf},
}

@Manual{sigf06,
  title = 	 {User's guide to \texttt{sigf}: Significance testing by
                  approximate randomisation},
  author =	 {Sebastian Pad\'o},
  year =	 2006
}

@ARTICLE{Tuggy93,
        AUTHOR             = {Tuggy, David H.},
        JOURNAL            = {Cognitive linguistics},
        NUMBER             = {2},
        PAGES              = {273--290},
        TITLE              = {Ambiguity, Polysemy and Vagueness},
        VOLUME             = {4},
        YEAR               = {1993},
        KEYWORDS           = {}
}
@InProceedings{Erk09,
  author    = {Erk, Katrin and McCarthy, Diana and Gaylord, Nick},
  title     = {Investigations on Word Senses and Word Usages},
  booktitle = {Proceedings of the 47th Annual Meeting of the Association for Computational Linguistics and
the 4th International Joint Conference on Natural Language Processing of the Asian Federation of Natural Language Processing},
  year      = {2009},
  pages     = {10--18},
  address   = {Suntec, Singapore},
}

@InProceedings{pavlick-EtAl:2015:ACL-IJCNLP,
  author    = {Pavlick, Ellie  and  Bos, Johan  and  Nissim, Malvina  and  Beller, Charley  and  Van Durme, Benjamin  and  Callison-Burch, Chris},
  title     = {{Adding Semantics to Data-Driven Paraphrasing}},
  booktitle = {Proceedings of the 53rd Annual Meeting of the Association for Computational Linguistics and the 7th International Joint Conference on Natural Language Processing (ACL/IJCNLP)},
  year      = {2015},
  address   = {Beijing, China},
  pages     = {1512--1522},
}

@InProceedings{liu2013multi,
	title = {Multi-view clustering via joint nonnegative matrix factorization},
	author = {Liu, Jialu and Wang, Chi and Gao, Jing and Han, Jiawei},
	booktitle = {Proceedings of the 2013 SIAM International Conference on Data Mining},
	pages = {252--260},
	year = 2013,
	address = {Austin, Texas}
}
@InProceedings{apidianaki:2009:EACL,
	author = {Apidianaki, Marianna},
	title = {{Data-Driven Semantic Analysis for Multilingual WSD and Lexical Selection in Translation}},
	booktitle = {Proceedings of the 12th Conference of the European Chapter of the Association for Computational Linguistics (EACL 2009)},
	year = 2009,
	address = {Athens, Greece},
	pages = {77--85},
}
@InProceedings{apidianaki:2016:EMNLP2016,
  author    = {Apidianaki, Marianna},
  title     = {Vector-space models for PPDB paraphrase ranking in context},
  booktitle = {Proceedings of the 2016 Conference on Empirical Methods in Natural Language Processing},
  month     = {November},
  year      = {2016},
  address   = {Austin, Texas},
  pages     = {2028--2034},
  url       = {https://aclweb.org/anthology/D16-1215}
}

@InProceedings{bannard-callisonburch:2005:ACL,
   author    = {Bannard, Colin  and  Callison-Burch, Chris},
   title     = {Paraphrasing with Bilingual Parallel Corpora},
   booktitle = {Proceedings of the 43rd Annual Meeting of the Association for Computational Linguistics (ACL'05)},
   year      = {2005},
   pages     = {597--604},
 }

@article{jmlrAckermanB09,
  author    = {Margareta Ackerman and
               Shai Ben-David},
  title     = {Clusterability: A Theoretical Study},
  journal   = {Journal of Machine Learning Research - Proceedings Track},
  volume    = {5},
  year      = {2009},
  pages     = {1-8},
  ee        = {http://www.jmlr.org/proceedings/papers/v5/ackerman09a.html},
  bibsource = {DBLP, http://dblp.uni-trier.de}
}
@book{fellbaum98wordnet,
  editor = {Fellbaum, Christiane},
  keywords = {WordNet wordnet},
  publisher = {MIT Press},
  title = {{WordNet: an electronic lexical database}},
  year = 1998
}
@InProceedings{Ackerman09,
  author    = {Margareta Ackerman and
               Shai Ben-David},
title     = {Clusterability: A Theoretical Study},
  booktitle = {Proceedings of the Twelfth International Conference on Artificial
Intelligence and Statistics (AISTATS)},
pages = {1--8},
year =  {2009}
}

@InProceedings{bansal-denero-lin:2012:NAACL-HLT,
  author    = {Bansal, Mohit  and  DeNero, John  and  Lin, Dekang},
  title     = {Unsupervised Translation Sense Clustering},
  booktitle = {Proceedings of the 2012 Conference of the North American Chapter of the Association for Computational Linguistics: Human Language Technologies},
  year      = {2012},
  address   = {Montr\'{e}al, Canada},
  pages     = {773--782},
}

@InProceedings{manandhar-EtAl:2010:SemEval,
  author    = {Manandhar, Suresh  and  Klapaftis, Ioannis  and  Dligach, Dmitriy  and  Pradhan, Sameer},
  title     = {SemEval-2010 Task 14: Word Sense Induction and Disambiguation},
  booktitle = {Proceedings of the 5th International Workshop on Semantic Evaluation(SemEval)},
  month     = {July},
  year      = {2010},
  address   = {Uppsala, Sweden},
  publisher = {Association for Computational Linguistics},
  pages     = {63--68},
}
@InProceedings{cocos2016clustering,
	author = {Anne Cocos and Chris Callison-Burch},
	title = {{Clustering Paraphrases by Word Sense}},
	journal = {Proceedings of the 15th Annual Conference of the North American Chapter of the Association for Computational Linguistics: Human Language Technologies (NAACL-HLT 2016)},
	year = 2016,
	address = {San Diego, California},
	booktitle = {Proceedings of the 15th Annual Conference of the North American Chapter of the Association for Computational Linguistics: Human Language Technologies (NAACL-HLT 2016)}
}

@InProceedings{yuret2007,
  author    = {Yuret, Deniz},
  title     = {KU: Word Sense Disambiguation by Substitution},
  booktitle = {Proceedings of the Fourth International Workshop on Semantic Evaluations (SemEval-2007)},
  month     = {June},
  year      = {2007},
  address   = {Prague, Czech Republic},
  publisher = {Association for Computational Linguistics},
  pages     = {207--214},
}
@InProceedings{mikolov2013efficient,
	title = {Efficient estimation of word representations in vector space},
	author = {Mikolov, Tomas and Chen, Kai and Corrado, Greg and Dean, Jeffrey},
	journal = {arXiv preprint arXiv:1301.3781},
	year = 2013,
	booktitle = { ICLR Workshop},
	address = {Scottsdale, Arizona}
}
@InProceedings{mihalcea-sinha-mccarthy:2010:SemEval,
  author    = {Mihalcea, Rada  and  Sinha, Ravi  and  McCarthy, Diana},
  title     = {SemEval-2010 Task 2: Cross-Lingual Lexical Substitution},
  booktitle = {Proceedings of the 5th International Workshop on Semantic Evaluation},
  month     = {July},
  year      = {2010},
  address   = {Uppsala, Sweden},
  publisher = {Association for Computational Linguistics},
  pages     = {9--14},
}

@INPROCEEDINGS{Lefever2010,
         AUTHOR =  { Els Lefever and Veronique Hoste},
         YEAR   = {2010},
         TITLE  = {{SemEval}-2007 Task 3: Cross-Lingual Word Sense Disambiguation},
BOOKTITLE  = {Proceedings of the 5th International Workshop on Semantic Evaluations ({SemEval}-2010)},
         ADDRESS            = {Uppsala, Sweden}
}
@Article{McCarthy:2016:WSC:2979037.2979040,
	author = {McCarthy, Diana and Apidianaki, Marianna and Erk, Katrin},
	title = {Word Sense Clustering and Clusterability},
	journal = {Computational Linguistics},
	volume = 42,
	number = 2,
	year = 2016,
	pages = {245--275},
	publisher = {MIT Press},
	address = {Cambridge, MA, USA}
}
@ARTICLE{Resnik2000,
        AUTHOR             = {Resnik, Philip and Yarowsky, David},
        JOURNAL            = {Natural Language Engineering},
        NUMBER             = {3},
        PAGES              = {113--133},
        TITLE              = {{Distinguishing Systems and Distinguishing Senses: New Evaluation Methods for Word Sense Disambiguation}},
        VOLUME             = {5},
        YEAR               = {2000},
        KEYWORDS           = {senseval multilingual}
}
@InProceedings{apidianaki:2011:UNSUP,
  author    = {Apidianaki, Marianna},
  title     = {Unsupervised Cross-Lingual Lexical Substitution},
  booktitle = {Proceedings of the First workshop on Unsupervised Learning in NLP},
  month     = {July},
  year      = {2011},
  address   = {Edinburgh, Scotland},
  publisher = {Association for Computational Linguistics},
  pages     = {13--23},
}


@ARTICLE{Kurohashi03,
        AUTHOR         = {Sadao Kurohashi and Kiyotaka Uchimoto},
        TITLE         = {{SENSEVAL}-2 Japanese Translation Task},
  	YEAR          = {2003},
        JOURNAL      = {Journal of Natural Language Processing},
        VOLUME       = {10},
        NUMBER       =  {3},
        PAGES        =  {25-37},
       KEYWORDS      = {senseval-2}
}


@InProceedings{diab-resnik:2002:ACL,
  author    = {Mona Diab  and  Philip Resnik},
  title     = {An Unsupervised Method for Word Sense Tagging using Parallel Corpora},
  booktitle = {Proceedings of 40th Annual Meeting of the Association for Computational Linguistics},
  month     = {July},
  year      = {2002},
  address   = {Philadelphia, Pennsylvania, USA},
  publisher = {Association for Computational Linguistics},
  pages     = {255--262},
  doi       = {10.3115/1073083.1073126}
}

@ARTICLE{Erk2012,
  author    = {Erk, Katrin and McCarthy, Diana and Gaylord, Nick},
  year = {2013},
   volume = {39},
  number = {3},
  pages = {511--554},
JOURNAL            = {Computational Linguistics},
  title = {Measuring word meaning in context}
}


@INCOLLECTION{McCarthy2011,
TITLE = {Measuring Similarity of Word Meaning in Context with Lexical Substitutes and Translations},
AUTHOR             = {Diana McCarthy},
PUBLISHER = {Springer},
BOOKTITLE = {Computational Linguistics and
Intelligent Text Processing, CICLing 2011, Pt. I
(Lecture Notes in Computer Science, LNTCS 6608).},
Editor = {Gelbukh, Alexander},
YEAR = {2011},
KEYWORDS = {ISBN 978-3-642-19399-6}
}


@ARTICLE{Sharoff2006,
        AUTHOR             = {Sharoff, Serge},
        JOURNAL            = {International Journal of Corpus Linguistics},
        NUMBER             = {4},
        PAGES              = {435--462},
        TITLE              = {Open-source corpora: Using the net to fish for linguistic data},
        VOLUME             = {11},
        YEAR               = {2006},
        KEYWORDS           = {Cambridge University Press}
}


@INPROCEEDINGS{McCarthy07,
         AUTHOR =  {McCarthy, Diana and Navigli, Roberto},
         YEAR   = {2007},
         TITLE  = {{SemEval}-2007 Task 10: English Lexical Substitution Task},
         PAGES          = {48--53},
BOOKTITLE  = {Proceedings of the 4th International Workshop on Semantic Evaluations ({SemEval}-2007)},
         ADDRESS            = {Prague, Czech Republic}
}




@ARTICLE{McCarthyCLLSLRE,
  author    = {Diana McCarthy and Ravi Sinha and Rada Mihalcea},
  year = {2012 published on line},

   EDITOR    = {Katrin Erk and Carlo  Strapparava},
JOURNAL            = {Language Resources and Evaluation Special Issue on  SemEval-2010},
  title = {The Cross-Lingual Lexical Substitution Task}
}

@ARTICLE{McCarthy09,
AUTHOR = {Diana McCarthy and Roberto Navigli},
YEAR   = {2009},
        TITLE         = {The {E}nglish Lexical Substitution Task},
         JOURNAL      = {Language Resources and Evaluation Special Issue on Computational Semantic Analysis of Language: SemEval-2007 and Beyond},
   EDITOR    = {Agirre, Eneko and M\`{a}rquez, L. and Wicentowksi, Richard},
   VOLUME = {43},
   NUMBER = {2},
  PAGES = {139-159},
   PUBLISHER = {SPRINGER}
}

@InProceedings{MarcoLuiTimothyBaldwinDianaMcCarthy:2012:ALTA2012,
author = {Marco Lui and Timothy Baldwin and Diana McCarthy},
title = {Unsupervised Estimation of Word Usage Similarity},
booktitle = {Proceedings of the Australasian Language Technology Association Workshop 2012},
month     = {December},
year      = {2012},
address   = {Dunedin, New Zealand},
pages = {33--41},
}


@InProceedings{mackinlay-EtAl:2012:STARSEM-SEMEVAL,
  author    = {MacKinlay, Andrew  and  Dridan, Rebecca  and  McCarthy, Diana  and  Baldwin, Timothy},
  title     = {The Effects of Semantic Annotations on Precision Parse Ranking},
  booktitle = {{*SEM 2012}: The First Joint Conference on Lexical and Computational Semantics -- Volume 1: Proceedings of the main conference and the shared task, and Volume 2: Proceedings of the Sixth International Workshop on Semantic Evaluation {(SemEval 2012)}},
  month     = {7-8 June},
  year      = {2012},
  address   = {Montr\'{e}al, Canada},
  publisher = {Association for Computational Linguistics},
  pages     = {228--236},
}
@InProceedings{rehurek_lrec,
      title = {{Software Framework for Topic Modelling with Large Corpora}},
      author = {Radim {\v R}eh{\r u}{\v r}ek and Petr Sojka},
      booktitle = {{Proceedings of the Workshop on New
           Challenges for NLP Frameworks}},
      pages = {45--50},
      year = 2010,
      month = May,
      day = 22,
      address = {Valletta, Malta},
      language={English}
}
@Article{ROUSSEEUW198753,
title = "Silhouettes: A graphical aid to the interpretation and validation of cluster analysis",
journal = "Journal of Computational and Applied Mathematics",
volume = "20",
pages = "53 - 65",
year = "1987",
author = "Peter J. Rousseeuw"
}


%%%%%%%%%%%%%%%%%%%%%%%%%%%%%%%%%%%%%%%%%%%%%
% Sense filtering for lexical substitution
%%%%%%%%%%%%%%%%%%%%%%%%%%%%%%%%%%%%%%%%%%%%%
@article{ErketalCL2013,
title = "Measuring word meaning in context",
author = "Katrin Erk and Diana McCarthy and Nicholas Gaylord",
year = "2013",
month = "9",
volume = "39",
pages = "511--554",
journal = "Computational Linguistics",
publisher = "MIT Press Journals",
number = "3",
}
@InProceedings{pavlick-EtAl:2015:ACL-IJCNLP3,
  author    = {Pavlick, Ellie  and  Rastogi, Pushpendre  and  Ganitkevitch, Juri  and  Van Durme, Benjamin  and  Callison-Burch, Chris},
  title     = {{PPDB} 2.0: {B}etter paraphrase ranking, fine-grained entailment relations, word embeddings, and style classification},
  booktitle = {Proceedings of ACL/IJCNLP},
  year      = {2015},
  address   = {Beijing, China},
  pages     = {425--430},
  url       = {http://www.aclweb.org/anthology/P15-2070}
}
@InProceedings{li-jurafsky:2015:EMNLP,
  author    = {Li, Jiwei  and  Jurafsky, Dan},
  title     = {Do {M}ulti-{S}ense {E}mbeddings {I}mprove {N}atural {L}anguage {U}nderstanding?},
  booktitle = {Proceedings of the EMNLP},
  year      = {2015},
  address   = {Lisbon, Portugal},
  pages     = {1722--1732},
  url       = {http://aclweb.org/anthology/D15-1200}
}
@inproceedings{Liu:2015:TWE:2886521.2886657,
 author = {Liu, Yang and Liu, Zhiyuan and Chua, Tat-Seng and Sun, Maosong},
 title = {Topical Word Embeddings},
 booktitle = {Proceedings of the Twenty-Ninth AAAI Conference on Artificial Intelligence},
 series = {AAAI'15},
 year = {2015},
 isbn = {0-262-51129-0},
 location = {Austin, Texas},
 pages = {2418--2424},
 numpages = {7},
 url = {http://dl.acm.org/citation.cfm?id=2886521.2886657},
 acmid = {2886657},
 publisher = {AAAI Press},
}
@InProceedings{iacobacci-pilehvar-navigli:2015:ACL-IJCNLP,
  author    = {Iacobacci, Ignacio  and  Pilehvar, Mohammad Taher  and  Navigli, Roberto},
  title     = {Sens{E}mbed: {L}earning {S}ense {E}mbeddings for {W}ord and {R}elational {S}imilarity},
  booktitle = {Proceedings of the ACL/IJCNLP},
  year      = {2015},
  address   = {Beijing, China},
  pages     = {95--105},
  url       = {http://www.aclweb.org/anthology/P15-1010}
}
@InProceedings{reisinger-mooney:2010:NAACLHLT,
  author    = {Reisinger, Joseph  and  Mooney, Raymond J.},
  title     = {Multi-{P}rototype {V}ector-{S}pace {M}odels of {W}ord {M}eaning},
  booktitle = {Proceedings of HLT/NAACL},
  year      = {2010},
  address   = {Los Angeles, California},
  pages     = {109--117},
  url       = {http://www.aclweb.org/anthology/N10-1013}
}
@InProceedings{huang-EtAl:2012:ACL20122,
  author    = {Huang, Eric  and  Socher, Richard  and  Manning, Christopher  and  Ng, Andrew},
  title     = {Improving {W}ord {R}epresentations via {G}lobal {C}ontext and {M}ultiple {W}ord {P}rototypes},
  booktitle = {Proceedings of the ACL (Volume 1: Long Papers)},
  year      = {2012},
  address   = {Jeju Island, Korea},
  pages     = {873--882},
  url       = {http://www.aclweb.org/anthology/P12-1092}
}
@InProceedings{roller-erk:2016:EMNLP2016,
  author    = {Roller, Stephen  and  Erk, Katrin},
  title     = {Relations such as Hypernymy: Identifying and Exploiting Hearst Patterns in Distributional Vectors for Lexical Entailment},
  booktitle = {Proceedings of EMNLP},
  month     = {November},
  year      = {2016},
  address   = {Austin, Texas},
  pages     = {2163--2172},
}

@InProceedings{melamud-levy-dagan:2015:VSM-NLP,
  author    = {Melamud, Oren  and  Levy, Omer  and  Dagan, Ido},
  title     = {A {S}imple {W}ord {E}mbedding {M}odel for {L}exical {S}ubstitution},
  booktitle = {Proceedings of the 1st Workshop on Vector Space Modeling for Natural Language Processing},
  year      = {2015},
  address   = {Denver, Colorado},
  pages     = {1--7},
  url       = {http://www.aclweb.org/anthology/W15-1501}
}
@inproceedings{liu13multi,
    author = {Liu, J. and Wang, C. and Gao, J. and Han, J.},
    booktitle = {Proc. of 2013 SIAM Data Mining Conf. (SDM'13)},
    citeulike-article-id = {13598389},
    keywords = {clustering, integration, multiview, nmf},
    posted-at = {2015-04-30 11:39:41},
    priority = {2},
    title = {{Multi-View Clustering via Joint Nonnegative Matrix Factorization}},
    year = {2013}
}
@article{EdmondsandHirst02,
 author = {Edmonds, Philip and Hirst, Graeme},
 title = {{Near-Synonymy and Lexical Choice}},
 journal = {Computational Linguistics},
 volume = {28},
 number = {2},
 year = {2002},
 pages = {105--144},
}
@InProceedings{faruqui-EtAl:2015:NAACL-HLT,
  author    = {Faruqui, Manaal  and  Dodge, Jesse  and  Jauhar, Sujay Kumar  and  Dyer, Chris  and  Hovy, Eduard  and  Smith, Noah A.},
  title     = {Retrofitting {W}ord {V}ectors to {S}emantic {L}exicons},
  booktitle = {Proceedings of NAACL/HLT},
  year      = {2015},
  address   = {Denver, Colorado},
}
@inproceedings{ApidianakiandGong:15,
    author = {Marianna Apidianaki and Li Gong},
    title = {{LIMSI}: {T}ranslations as {S}ource of {I}ndirect {S}upervision for {M}ultilingual {A}ll-{W}ords {S}ense {D}isambiguation and {E}ntity {L}inking},
    booktitle = {Proceedings of the 9th International Workshop on Semantic Evaluation (SemEval-2015)},
    year = {2015},
    address = {Denver, Colorado, USA}
}
@InProceedings{stanojevic-EtAl:2015:WMT,
  author    = {Stanojevi\'{c}, Milo\v{s}  and  Kamran, Amir  and  Koehn, Philipp  and  Bojar, Ond\v{r}ej},
  title     = {Results of the WMT15 Metrics Shared Task},
  booktitle = {Proceedings of the Tenth Workshop on Statistical Machine Translation},
  month     = {September},
  year      = {2015},
  address   = {Lisbon, Portugal},
  pages     = {256--273},
  url       = {http://aclweb.org/anthology/W15-3031}
}
@InProceedings{mikolovetal:2013,
  author    = {Mikolov, Tomas and Sutskever, Ilya and Chen, Kai and Corrado, Greg and Dean, Jeffrey},
  title     = {Distributed representations of words and phrases and their compositionality},
  booktitle = {Proceedings of NIPS},
    year = 2013
}
@InProceedings{camachocollados-pilehvar-navigli:2015:NAACL-HLT,
  author    = {Camacho-Collados, Jos\'{e}  and  Pilehvar, Mohammad Taher  and  Navigli, Roberto},
  title     = {{NASARI}: a {N}ovel {A}pproach to a {S}emantically-{A}ware {R}epresentation of {I}tems},
  booktitle = {Proceedings of NAACL/HLT 2015},
  year      = {2015},
  address   = {Denver, Colorado},
  pages     = {567--577},
  url       = {http://www.aclweb.org/anthology/N15-1059}
}

@InProceedings{camachocollados-pilehvar-navigli:2015:ACL-IJCNLP,
  author    = {Camacho-Collados, Jos\'{e}  and  Pilehvar, Mohammad Taher  and  Navigli, Roberto},
  title     = {A Unified Multilingual Semantic Representation of Concepts},
  booktitle = {Proceedings of the 53rd Annual Meeting of the Association for Computational Linguistics and the 7th International Joint Conference on Natural Language Processing (Volume 1: Long Papers)},
  year      = {2015},
  address   = {Beijing, China},
  pages     = {741--751},
  url       = {http://www.aclweb.org/anthology/P15-1072}
}
@inproceedings{vinh2009information,
	title={Information theoretic measures for clusterings comparison: is a correction for chance necessary?},
	author={Vinh, Nguyen Xuan and Epps, Julien and Bailey, James},
	booktitle={Proceedings of the 26th Annual International Conference on Machine Learning},
	pages={1073--1080},
	year={2009},
	organization={ACM}
}
@article{Biemann:2013,
 author = {Biemann, Chris},
 title = {Creating a {S}ystem for {L}exical {S}ubstitutions from {S}cratch {U}sing {C}rowdsourcing},
 journal = {Language Resources and Evaluation},
 issue_date = {March     2013},
 volume = {47},
 number = {1},
 year = {2013},
 publisher = {Springer-Verlag New York, Inc.},
 pages = {97--122},
}
@book{kishida2005property,
	title={Property of average precision and its generalization: An examination of evaluation indicator for information retrieval experiments},
	author={Kishida, Kazuaki},
	year={2005},
	publisher={National Institute of Informatics Tokyo, Japan}
}
@inproceedings{ismu:884893,
	author = "Radim {\v R}eh{\r u}{\v r}ek and Petr Sojka",
	title = "{Software Framework for Topic Modelling with Large Corpora}",
	booktitle = "{Proceedings of the LREC 2010 Workshop on New Challenges for
	NLP Frameworks}",
	address = {Valletta, Malta},
	year = 2010,
	isbn = "2-9517408-6-7",
	pages = "45--50",
	url = {http://is.muni.cz/publication/884893/en},
}
@inproceedings{yu2003multiclass,
	title={Multiclass spectral clustering},
	author={Yu, Stella X and Shi, Jianbo},
	booktitle={Proceedings of International Conference on Computer Vision (ICCV 03)},
	pages={313--319},
	year={2003},
	organization={IEEE}
}
@Inproceedings{Dyvik:98,
  author =       "Helge Dyvik",
  title =        "Translations as {S}emantic {M}irrors: from {P}arallel {C}orpus to {W}ordnet",
  booktitle =    "Proceedings of the ECAI'98 Workshop Multilinguality in the lexicon",
  address =      "Brighton, UK",
  pages =        "24--44",
   year =         "1998"
}

@article{strehl2002cluster,
	title={Cluster ensembles---a knowledge reuse framework for combining multiple partitions},
	author={Strehl, Alexander and Ghosh, Joydeep},
	journal={Journal of machine learning research},
	volume={3},
	number={Dec},
	pages={583--617},
	year={2002}
}
@InProceedings{cocos-callisonburch:2016:N16-1,
  author    = {Cocos, Anne  and  Callison-Burch, Chris},
  title     = {Clustering Paraphrases by Word Sense},
  booktitle = {Proceedings of NAACL/HLT 2016},
  year      = {2016},
  address   = {San Diego, California},
  pages     = {1463--1472},
  url       = {http://www.aclweb.org/anthology/N16-1172}
}



@InProceedings{pavlick-EtAl:2015:ACL-IJCNLP1,
  author    = {Pavlick, Ellie  and  Ganitkevitch, Juri  and  Chan, Tsz Ping  and  Yao, Xuchen  and  Van Durme, Benjamin  and  Callison-Burch, Chris},
  title     = {Domain-{S}pecific {P}araphrase {E}xtraction},
  booktitle = {Proceedings of ACL/IJCNLP},
  month     = {July},
  year      = {2015},
  address   = {Beijing, China},
  pages     = {57--62},
  url       = {http://www.aclweb.org/anthology/P15-2010}
}

@InProceedings{bannard-callisonburch:2005:ACL,
   author    = {Bannard, Colin  and  Callison-Burch, Chris},
   title     = {Paraphrasing with {B}ilingual {P}arallel {C}orpora},
   booktitle = {Proceedings of ACL},
   year      = {2005},
   address   = {Ann Arbor, Michigan},
   pages     = {597--604},
   url       = {http://www.aclweb.org/anthology/P05-1074},
 }

@article{Androutsopoulos:2010:SPT:1892211.1892215,
 author = {Androutsopoulos, Ion and Malakasiotis, Prodromos},
 title = {A {S}urvey of {P}araphrasing and {T}extual {E}ntailment {M}ethods},
 journal = {Journal of Artificial Intelligence Research},
 issue_date = {May 2010},
 volume = {38},
 number = {1},
 year = {2010},
 issn = {1076-9757},
 pages = {135--187},
}

@inproceedings{Apidianakietal:2014,
    author = {Marianna Apidianaki and Emilia Verzeni and Diana McCarthy},
    title = {Semantic {C}lustering of {P}ivot {P}araphrases},
    booktitle = {Proceedings of LREC},
    year = {2014},
    month = {May},
    date = {26-31},
    address = {Reykjavik, Iceland},
    }

    @InProceedings{mccarthy-navigli:07,
  author    = {McCarthy, Diana  and  Navigli, Roberto},
  title     = {{SemEval-2007 Task 10: English Lexical Substitution Task}},
  booktitle = {Proceedings of SemEval},
  year      = {2007},
  address   = {Prague, Czech Republic},
  pages     = {48--53},
  url       = {http://www.aclweb.org/anthology/S/S07/S07-1009}
}


@InProceedings{BarzilayandMckeown:01,
  author    = {Regina Barzilay  and  Kathleen R. McKeown},
  title     = {Extracting {P}araphrases from a {P}arallel {C}orpus},
  booktitle = {Proceedings of 39th Annual Meeting of the ACL},
  month     = {July},
  year      = {2001},
  address   = {Toulouse, France},
  pages     = {50--57},
  url       = {http://www.aclweb.org/anthology/P01-1008},
  doi       = {10.3115/1073012.1073020}
}

@InProceedings{mitchell-lapata:2008:ACLMain,
  author    = {Mitchell, Jeff  and  Lapata, Mirella},
  title     = {Vector-based {M}odels of {S}emantic {C}omposition},
  booktitle = {Proceedings of ACL/HLT},
  year      = {2008},
  address   = {Columbus, Ohio},
  pages     = {236--244},
  url       = {http://www.aclweb.org/anthology/P/P08/P08-1028}
}

@InProceedings{marie-apidianaki:2015:WMT,
  author    = {Marie, Benjamin  and  Apidianaki, Marianna},
  title     = {Alignment-based sense selection in {METEOR} and the {RATATOUILLE} recipe},
  booktitle = {Proceedings of WMT},
  month     = {September},
  year      = {2015},
  address   = {Lisbon, Portugal},
  pages     = {385--391},
  url       = {http://aclweb.org/anthology/W15-3048}
}

@InProceedings{vandecruys-apidianaki:2011:ACL-HLT2011,
  author    = {Van de Cruys, Tim  and  Apidianaki, Marianna},
  title     = {Latent Semantic Word Sense Induction and Disambiguation},
  booktitle = {Proceedings of the 49th Annual Meeting of the ACL: HLT},
  month     = {June},
  year      = {2011},
  address   = {Portland, Oregon, USA},
  pages     = {1476--1485},
  url       = {http://www.aclweb.org/anthology/P11-1148}
}

@article{NavigliPonzetto:12aij,
  author = {Roberto Navigli and Simone Paolo Ponzetto},
 title =   {{B}abel{N}et: {T}he Automatic Construction, Evaluation and Application of a Wide-Coverage Multilingual Semantic Network},
 journal = {Artificial Intelligence},
 year =    {2012},
 volume = {193},
 pages = {217-250}
}

@InProceedings{apidianaki-marie:2015:SSST-9,
  author    = {Apidianaki, Marianna  and  Marie, Benjamin},
  title     = {METEOR-WSD: {I}mproved {S}ense {M}atching in {MT} {E}valuation},
  booktitle = {Proceedings of the Ninth Workshop on Syntax, Semantics and Structure in Statistical Translation},
  year      = {2015},
  address   = {Denver, Colorado, USA},
  pages     = {49--51},
  url       = {http://www.aclweb.org/anthology/W15-1006}
}



@inproceedings{BarzilayandLee:03,
 author = {Barzilay, Regina and Lee, Lillian},
 title = {Learning to {P}araphrase: {A}n {U}nsupervised {A}pproach {U}sing {M}ultiple-sequence {A}lignment},
 booktitle = {Proceedings of NAACL'03 (Vol. 1)},
 year = {2003},
 location = {Edmonton, Canada},
 pages = {16--23},
 numpages = {8},
 url = {http://dx.doi.org/10.3115/1073445.1073448},
 doi = {10.3115/1073445.1073448},
 acmid = {1073448},
 address = {Stroudsburg, PA, USA},
}

@Article{McCarthyandNavigli:09,
  author =       "Diana~McCarthy and Roberto~Navigli",
  title =        "The {E}nglish lexical substitution task",
  journal =    "Language Resources and Evaluation Special Issue on Computational Semantic Analysis of Language: SemEval-2007 and Beyond",
  volume =  "43",
  number = "2",
  pages =        "139--159",
  year =         "2009",
}

@article{Snoveretal:2010,
  author = {Snover, Matthew G. and Madnani, Nitin and Dorr, Bonnie J. and Schwartz, Richard M.},
  date = {2010-07-02},
  journal = {Machine Translation},
  keywords = {dblp},
  number = {2-3},
  pages = {117-127},
  timestamp = {2010-07-21T15:46:48.000+0200},
  title = {{TER-Plus: paraphrase, semantic, and alignment enhancements to Translation Edit Rate.}},
  volume = 23,
  year = 2010
}
@inproceedings{mcdm:06,
    author = {M. Marneffe and B. Maccartney and C. Manning},
    title = {Generating {T}yped {D}ependency {P}arses from {P}hrase {S}tructure {P}arses},
    year = {2006},
    address = {Genoa, Italy},
    booktitle = {Proceedings of LREC-2006},
    }
@InProceedings{ganitkevitch-EtAl:2013:NAACL,
   author    = {Juri Ganitkevitch and Benjamin VanDurme and Chris Callison-Burch},
   title     = {{PPDB}: The {P}araphrase {D}atabase},
   booktitle = {Proceedings of NAACL},
   year      = {2013},
   address   = {Atlanta, Georgia},
   url = {http://cis.upenn.edu/~ccb/publications/ppdb.pdf}
 }

@InProceedings{denkowski-lavie:2010:WMT,
  author    = {Denkowski, Michael  and  Lavie, Alon},
  title     = {{METEOR-NEXT} and the {METEOR} {P}araphrase {T}ables: {I}mproved {E}valuation {S}upport for {F}ive {T}arget {L}anguages},
  booktitle = {Proceedings of WMT/MetricsMATR},
  month     = {July},
  year      = {2010},
  address   = {Uppsala, Sweden},
  pages     = {339--342},
  url       = {http://www.aclweb.org/anthology/W10-1751}
}


@InProceedings{callisonburch-koehn-osborne:2006:HLT-NAACL06-Main,
  author    = {Callison-Burch, Chris  and  Koehn, Philipp  and  Osborne, Miles},
  title     = {Improved {S}tatistical {M}achine {T}ranslation {U}sing {P}araphrases},
  booktitle = {Proceedings of HLT/NAACL},
  month     = {June},
  year      = {2006},
  address   = {New York City, USA},
  pages     = {17--24},
  url       = {http://www.aclweb.org/anthology/N/N06/N06-1003}
}

@InProceedings{Zhouetal:06,
  author    = {Zhou, Liang  and  Lin, Chin-Yew  and  Hovy, Eduard},
  title     = {{Re-evaluating {M}achine {T}ranslation {R}esults with {P}araphrase {S}upport}},
  booktitle = {Proceedings of the 2006 Conference on Empirical Methods in Natural Language Processing},
  month     = {July},
  year      = {2006},
  address   = {Sydney, Australia},
  pages     = {77--84},
}
@article{kilgarriff1997don,
	title={I don't believe in word senses},
	author={Kilgarriff, Adam},
	journal={Computers and the Humanities},
	volume={31},
	number={2},
	pages={91--113},
	year={1997},
	publisher={Springer}
}
@article{Mikolovetal2013,
  author    = {Tomas Mikolov and
               Kai Chen and
               Greg Corrado and
               Jeffrey Dean},
  title     = {Efficient Estimation of Word Representations in Vector Space},
  journal   = {CoRR},
  year      = {2013},
}
@inproceedings{erk2009investigations,
	title={Investigations on word senses and word usages},
	author={Erk, Katrin and McCarthy, Diana and Gaylord, Nicholas},
	booktitle={Proceedings of the Joint Conference of the 47th Annual Meeting of the ACL and the 4th International Joint Conference on Natural Language Processing of the AFNLP},
	pages={10--18},
	year={2009},
	  address   = {Suntec, Singapore},
}
@InProceedings{erk-pado:2008:EMNLP,
  author    = {Erk, Katrin  and  Pad\'{o}, Sebastian},
  title     = {A {S}tructured {V}ector {S}pace {M}odel for {W}ord {M}eaning in {C}ontext},
  booktitle = {Proceedings of EMNLP},
  month     = {October},
  year      = {2008},
  address   = {Honolulu, Hawaii},
  pages     = {897--906},
  url       = {http://www.aclweb.org/anthology/D08-1094}
}

@InProceedings{madnani-EtAl:2007:WMT,
  author    = {Madnani, Nitin  and  Fazil Ayan, Necip  and  Resnik, Philip  and  Dorr, Bonnie},
  title     = {Using {P}araphrases for {P}arameter {T}uning in {S}tatistical {M}achine {T}ranslation},
  booktitle = {Proceedings of WMT},
  month     = {June},
  year      = {2007},
  address   = {Prague, Czech Republic},
  pages     = {120--127},
  url       = {http://www.aclweb.org/anthology/W/W07/W07-0716}
}

@InProceedings{thater-furstenau-pinkal:2011:IJCNLP-2011,
  author    = {Thater, Stefan  and  F\"{u}rstenau, Hagen  and  Pinkal, Manfred},
  title     = {Word {M}eaning in {C}ontext: A {S}imple and {E}ffective {V}ector {M}odel},
  booktitle = {Proceedings of IJCNLP},
  year      = {2011},
  address   = {Chiang Mai, Thailand},
  pages     = {1134--1143},
  url       = {http://www.aclweb.org/anthology/I11-1127}
}

@InProceedings{thater-furstenau-pinkal:2010:ACL,
  author    = {Thater, Stefan  and  F\"{u}rstenau, Hagen  and  Pinkal, Manfred},
  title     = {Contextualizing {S}emantic {R}epresentations {U}sing {S}yntactically {E}nriched {V}ector {M}odels},
  booktitle = {Proceedings of the 48th Annual Meeting of the Association for Computational Linguistics},
  month     = {July},
  year      = {2010},
  address   = {Uppsala, Sweden},
  pages     = {948--957},
  url       = {http://www.aclweb.org/anthology/P10-1097}
}

@inproceedings{zhou2015end,
  title={End-to-end learning of semantic role labeling using recurrent neural networks},
  author={Zhou, Jie and Xu, Wei},
  booktitle={Proceedings of the 53rd Annual Meeting of the Association for Computational Linguistics and the 7th International Joint Conference on Natural Language Processing (Volume 1: Long Papers)},
  volume={1},
  pages={1127--1137},
  year={2015}
}
@article{lample2016neural,
  title={Neural architectures for named entity recognition},
  author={Lample, Guillaume and Ballesteros, Miguel and Subramanian, Sandeep and Kawakami, Kazuya and Dyer, Chris},
  journal={arXiv preprint arXiv:1603.01360},
  year={2016}
}

%%%%%%%%%%%%%%%%%%%%%%%%
% TI References
%%%%%%%%%%%%%%%%%%%%%%%%

@inproceedings{snow2006semantic,
  title={Semantic taxonomy induction from heterogenous evidence},
  author={Snow, Rion and Jurafsky, Daniel and Ng, Andrew Y},
  booktitle={Proceedings of the 21st International Conference on Computational Linguistics and the 44th annual meeting of the Association for Computational Linguistics (ACL)},
  pages={801--808},
  year={2006},
  publisher = {Association for Computational Linguistics},
}
@inproceedings{grycner2015relly,
  title={RELLY: Inferring Hypernym Relationships Between Relational Phrases.},
  author={Grycner, Adam and Weikum, Gerhard and Pujara, Jay and Foulds, James R and Getoor, Lise},
  booktitle={Proceedings of the 2015 Conference on Empirical Methods in Natural Language Processing (EMNLP)},
  pages={971--981},
  year={2015},
  publisher = {Association for Computational Linguistics},
}
@inproceedings{pantel2002discovering,
  title={Discovering word senses from text},
  author={Pantel, Patrick and Lin, Dekang},
  booktitle={Proceedings of the eighth ACM SIGKDD international conference on Knowledge discovery and data mining},
  pages={613--619},
  year={2002},
  publisher={ACM}
}
@article{miller1995wordnet,
  title={WordNet: a lexical database for English},
  author={Miller, George A},
  journal={Communications of the ACM},
  volume={38},
  number={11},
  pages={39--41},
  year={1995},
  publisher={ACM}
}
@inproceedings{pavlick2015adding,
	title={Adding semantics to data-driven paraphrasing},
	author={Pavlick, Ellie and Bos, Johan and Nissim, Malvina and Beller, Charley and Van, Benjamin and Callison-burch, Durme Chris},
	booktitle={Proceedings of the 53rd Annual Meeting of the Association for Computational Linguistics (ACL)},
	year={2015},
  publisher = {Association for Computational Linguistics},
}
@inproceedings{PavlickAndCallisonBuch-2016:ACL:Simple,
  author =  {Ellie Pavlick and Chris Callison-Burch},
  title =   {Simple PPDB: A Paraphrase Database for Simplification},
  booktitle = {Proceedings of the 54th Annual Meeting of the Association for Computational Linguistics (ACL)},
  month     = {August},
  year      = {2016},
  address   = {Berlin, Germany},
  publisher = {Association for Computational Linguistics},
}
@inproceedings{bannard2005paraphrasing,
	title={Paraphrasing with bilingual parallel corpora},
	author={Bannard, Colin and Callison-Burch, Chris},
	booktitle={Proceedings of the 43rd Annual Meeting on Association for Computational Linguistics (ACL)},
	pages={597--604},
	year={2005},
	organization={Association for Computational Linguistics}
}
@article{navigli2012babelnet,
	title={BabelNet: The automatic construction, evaluation and application of a wide-coverage multilingual semantic network},
	author={Navigli, Roberto and Ponzetto, Simone Paolo},
	journal={Artificial Intelligence},
	volume={193},
	pages={217--250},
	year={2012},
	publisher={Elsevier}
}
@inproceedings{navigli2010babelnet,
	title={BabelNet: Building a very large multilingual semantic network},
	author={Navigli, Roberto and Ponzetto, Simone Paolo},
	booktitle={Proceedings of the 48th annual meeting of the Association for Computational Linguistics (ACL)},
	pages={216--225},
	year={2010},
	organization={Association for Computational Linguistics}
}
@inproceedings{kozareva2010semi,
	title={A semi-supervised method to learn and construct taxonomies using the web},
	author={Kozareva, Zornitsa and Hovy, Eduard},
	booktitle={Proceedings of the 2010 conference on Empirical Methods in Natural Language Processing (EMNLP)},
	pages={1110--1118},
	year={2010},
	organization={Association for Computational Linguistics}
}
@inproceedings{navigli2011graph,
	title={A graph-based algorithm for inducing lexical taxonomies from scratch},
	author={Navigli, Roberto and Velardi, Paola and Faralli, Stefano},
	booktitle={Proceedings of the 22nd International Joint Conference on Artificial Intelligence (IJCAI)},
	volume={2:5.1},
	pages={2},
	year={2011}
}
@article{velardi2013ontolearn,
	title={Ontolearn reloaded: A graph-based algorithm for taxonomy induction},
	author={Velardi, Paola and Faralli, Stefano and Navigli, Roberto},
	journal={Computational Linguistics},
	volume={39},
	number={3},
	pages={665--707},
	year={2013},
	publisher={MIT Press}
}
@inproceedings{snow2004learning,
	title={Learning syntactic patterns for automatic hypernym discovery.},
	author={Snow, Rion and Jurafsky, Daniel and Ng, Andrew Y and others},
	booktitle={Advances in Neural Information Processing Systems (NIPS)},
	volume={17},
	pages={1297--1304},
	year={2004}
}
@inproceedings{widdows2003unsupervised,
	title={Unsupervised methods for developing taxonomies by combining syntactic and statistical information},
	author={Widdows, Dominic},
	booktitle={Proceedings of the 2003 Conference of the North American Chapter of the
Association for Computational Linguistics: Human Language Technologies (NAACL-HLT)},
	pages={197--204},
	year={2003},
	organization={Association for Computational Linguistics}
}
@inproceedings{ritter2009anyway,
	title={What Is This, Anyway: Automatic Hypernym Discovery.},
	author={Ritter, Alan and Soderland, Stephen and Etzioni, Oren},
	booktitle={AAAI Spring Symposium: Learning by Reading and Learning to Read},
	pages={88--93},
	year={2009}
}
@inproceedings{hearst1992automatic,
	title={Automatic acquisition of hyponyms from large text corpora},
	author={Hearst, Marti A},
	booktitle={Proceedings of the 14th conference on Computational Linguistics-Volume 2},
	pages={539--545},
	year={1992},
	organization={Association for Computational Linguistics}
}
@InProceedings{shwartz2016hypnet,
	author    = {Shwartz, Vered  and  Goldberg, Yoav  and  Dagan, Ido},
	title     = {Improving Hypernymy Detection with an Integrated Path-based and Distributional Method},
  booktitle = {Proceedings of the 54th Annual Meeting of the Association for Computational Linguistics (ACL)},
	year      = {2016},
	organization = {Association for Computational Linguistics},
	pages     = {2389--2398}
}
@inproceedings{yang2009metric,
	title={A metric-based framework for automatic taxonomy induction},
	author={Yang, Hui and Callan, Jamie},
  booktitle = {Proceedings of the 47th Annual Meeting of the Association for Computational Linguistics (ACL)},
	pages={271--279},
	year={2009},
	organization={Association for Computational Linguistics}
}
@article{berant2015efficient,
	title={Efficient Global Learning of Entailment Graphs},
	author={Berant, Jonathan and Alon, Noga and Dagan, Ido and Goldberger, Jacob},
	journal={Computational Linguistics},
	volume={41},
	number={2},
	pages={249--291},
	year={2015},
	publisher={MIT Press}
}
@article{berant2012learning,
	title={Learning entailment relations by global graph structure optimization},
	author={Berant, Jonathan and Dagan, Ido and Goldberger, Jacob},
	journal={Computational Linguistics},
	volume={38},
	number={1},
	pages={73--111},
	year={2012},
	publisher={MIT Press}
}
@inproceedings{bansal2014structured,
	title={Structured Learning for Taxonomy Induction with Belief Propagation.},
	author={Bansal, Mohit and Burkett, David and De Melo, Gerard and Klein, Dan},
  booktitle = {Proceedings of the 52nd Annual Meeting of the Association for Computational Linguistics (ACL)},
	pages={1041--1051},
	year={2014}
}
@inproceedings{lin1998automatic,
	title={Automatic retrieval and clustering of similar words},
	author={Lin, Dekang},
	booktitle={Proceedings of the 17th International Conference on Computational Linguistics-Volume 2},
	pages={768--774},
	year={1998},
	organization={Association for Computational Linguistics}
}
@inproceedings{lin2002concept,
	title={Concept discovery from text},
	author={Lin, Dekang and Pantel, Patrick},
	booktitle={Proceedings of the 19th International Conference on Computational Linguistics-Volume 1},
	pages={1--7},
	year={2002},
	organization={Association for Computational Linguistics}
}
@inproceedings{davidov2006efficient,
	title={Efficient unsupervised discovery of word categories using symmetric patterns and high frequency words},
	author={Davidov, Dmitry and Rappoport, Ari},
	booktitle={Proceedings of the 21st International Conference on Computational Linguistics and the 44th annual meeting of the Association for Computational Linguistics (ACL)},
	pages={297--304},
	year={2006},
	organization={Association for Computational Linguistics}
}
@inproceedings{ustalov2017synsets,
	title={Automatic Induction of Synsets from a Graph of Synonyms},
	author={Ustalov, Dmitry and Panchenko, Alexander and Biemann, Chris},
  booktitle = {Proceedings of the 55th Annual Meeting of the Association for Computational Linguistics (ACL)},
  year={2017},
	organization={Association for Computational Linguistics}
}
@inproceedings{biemann2006chinese,
	title={Chinese whispers: an efficient graph clustering algorithm and its application to natural language processing problems},
	author={Biemann, Chris},
	booktitle={Proceedings of the first workshop on graph based methods for natural language processing},
	pages={73--80},
	year={2006},
	organization={Association for Computational Linguistics}
}
@book{biemann2011structure,
	title={Structure discovery in natural language},
	author={Biemann, Chris and van den Bosch, Antal},
	year={2011},
	publisher={Springer Science \& Business Media}
}
@inproceedings{faralli2017contrastmedium,
	title={The ContrastMedium algorithm: taxonomy induction from noisy knowledge graphs with just a few links},
	author={Faralli, Stefano and Panchenko, Alexander and Biemann, Chris and Ponzetto, Simone Paolo},
	year={2017},
	booktitle={Proceedings of the 15th Conference of the European Association for Computational Linguistics (EACL)},
	organization={Association for Computational Linguistics}
}
@article{harris1954distributional,
	title={Distributional structure},
	author={Harris, Zellig S},
	journal={Word},
	volume={10},
	number={2-3},
	pages={146--162},
	year={1954},
	publisher={Taylor \& Francis}
}
@inproceedings{CocosAndCallisonBurch-2016:NAACL:ParaphraseClustering,
	author =  {Anne Cocos and Chris Callison-Burch},
	title =   {Clustering Paraphrases by Word Sense},
	booktitle = {Proceedings of the 15th Annual Conference of the North American Chapter of the Association for Computational Linguistics: Human Language Technologies (NAACL-HLT)},
	month     = {June},
	year      = {2016},
	address   = {San Diego, California},
	publisher = {Association for Computational Linguistics}
}
@inproceedings{apidianaki2014semantic,
	title={Semantic Clustering of Pivot Paraphrases.},
	author={Apidianaki, Marianna and Verzeni, Emilia and McCarthy, Diana},
	booktitle={Proceedings of the Ninth International Conference on Language Resources and Evaluation (LREC)},
	pages={4270--4275},
	year={2014}
}
@inproceedings{W17-1914,
	author = 	"Cocos, Anne
	and Apidianaki, Marianna
	and Callison-Burch, Chris",
	title = 	"Word Sense Filtering Improves Embedding-Based Lexical Substitution",
	booktitle = 	"Proceedings of the 1st Workshop on Sense, Concept and Entity Representations and their Applications",
	year = 	"2017",
	publisher = 	"Association for Computational Linguistics",
	pages = 	"110--119",
	location = 	"Valencia, Spain"
}
@inproceedings{melamud2015simple,
	title={A simple word embedding model for lexical substitution},
	author={Melamud, Oren and Levy, Omer and Dagan, Ido and Ramat-Gan, Israel},
	booktitle={Proceedings of the 1st Workshop on Vector Space Modeling for Natural Language Processing},
	pages={1--7},
	year={2015}
}
@inproceedings{melamud2016context2vec,
	title={context2vec: Learning generic context embedding with bidirectional lstm},
	author={Melamud, Oren and Goldberger, Jacob and Dagan, Ido},
	booktitle={Proceedings of the SIGNLL Conference on Natural Language Learning (CONLL)},
	year={2016}
}
@inproceedings{roller2016pic,
	author =  {Roller, Stephen and Erk, Katrin},
	title =   {PIC a Different Word: A Simple Model for Lexical Substitution in Context},
	booktitle = {Proceedings of the 15th Annual Conference of the North American Chapter of the Association for Computational Linguistics: Human Language Technologies (NAACL-HLT)},
    month     = {June},
	year      = {2016},
	address   = {San Diego, California},
	publisher = {Association for Computational Linguistics}
}
@inproceedings{kremer2014substitutes,
	title={What Substitutes Tell Us-Analysis of an" All-Words" Lexical Substitution Corpus.},
	author={Kremer, Gerhard and Erk, Katrin and Pad{\'o}, Sebastian and Thater, Stefan},
	booktitle={Proceedings of the 14th Conference of the European Chapter of the Association for Computational Linguistics (EACL)},
	pages={540--549},
	year={2014}
}
@incollection{dagan2006pascal,
	title={The PASCAL recognising textual entailment challenge},
	author={Dagan, Ido and Glickman, Oren and Magnini, Bernardo},
	booktitle={Machine learning challenges. evaluating predictive uncertainty, visual object classification, and recognising textual entailment},
	pages={177--190},
	year={2006},
	publisher={Springer}
}
@inproceedings{gonzalez2012multilingual,
	title={Multilingual Central Repository version 3.0.},
	author={Gonzalez-Agirre, Aitor and Laparra, Egoitz and Rigau, German},
	booktitle={Proceedings of the Eighth International Conference on Language Resources and Evaluation (LREC)},
	pages={2525--2529},
	year={2012}
}
@inproceedings{bordea2016semeval,
	title={Semeval-2016 task 13: Taxonomy extraction evaluation (texeval-2)},
	author={Bordea, Georgeta and Lefever, Els and Buitelaar, Paul},
	booktitle={Proceedings of the 10th International Workshop on Semantic Evaluation (SemEval-2016)},
	pages={1081--1091},
	year={2016},
	organization={Association for Computational Linguistics}
}
@inproceedings{task17semeval2015,
  title={Semeval-2015 task 17: Taxonomy Extraction Evaluation (TExEval)},
  author={Bordea, Georgeta and Buitelaar, Paul and Faralli, Stefano and Navigli, Roberto},
  booktitle={Proceedings of the 9th International Workshop on Semantic Evaluation (SemEval-2015)},
  year={2015},
  organization={Association for Computational Linguistics}
}
@inproceedings{do2010constraints,
  title={Constraints based taxonomic relation classification},
  author={Do, Quang Xuan and Roth, Dan},
  booktitle={Proceedings of the 2010 Conference on Empirical Methods in Natural Language Processing (EMNLP)},
  pages={1099--1109},
  year={2010},
  organization={Association for Computational Linguistics}
}
@inproceedings{phillips2002exploiting,
  title={Exploiting strong syntactic heuristics and co-training to learn semantic lexicons},
  author={Phillips, William and Riloff, Ellen},
  booktitle={Proceedings of the 2002 Conference on Empirical Methods in Natural Language Processing (EMNLP)},
  pages={125--132},
  year={2002},
  organization={Association for Computational Linguistics}
}
@inproceedings{girju2003learning,
  title={Learning semantic constraints for the automatic discovery of part-whole relations},
  author={Girju, Roxana and Badulescu, Adriana and Moldovan, Dan},
  booktitle={Proceedings of the 2003 Human Language Technology Conference of the North American Chapter of the Association for Computational Linguistics (HLT-NAACL)},
  pages={1--8},
  year={2003},
  organization={Association for Computational Linguistics}
}
@inproceedings{pantel2006espresso,
  title={Espresso: Leveraging generic patterns for automatically harvesting semantic relations},
  author={Pantel, Patrick and Pennacchiotti, Marco},
  booktitle={Proceedings of the 21st International Conference on Computational Linguistics and 44th Annual Meeting of the Association for Computational Linguistics (ACL)},
  pages={113--120},
  year={2006},
  organization={Association for Computational Linguistics}
}
@inproceedings{suchanek2007yago,
  title={Yago: a core of semantic knowledge},
  author={Suchanek, Fabian M and Kasneci, Gjergji and Weikum, Gerhard},
  booktitle={Proceedings of the 16th International World Wide Web Conference (WWW)},
  pages={697--706},
  year={2007},
  organization={ACM}
}
@inproceedings{hovy2009toward,
  title={Toward completeness in concept extraction and classification},
  author={Hovy, Eduard and Kozareva, Zornitsa and Riloff, Ellen},
  booktitle={Proceedings of the 2009 Conference on Empirical Methods in Natural Language Processing (EMNLP)},
  pages={948--957},
  year={2009},
  organization={Association for Computational Linguistics}
}
@article{baroni2010strudel,
  title={Strudel: A corpus-based semantic model based on properties and types},
  author={Baroni, Marco and Murphy, Brian and Barbu, Eduard and Poesio, Massimo},
  journal={Cognitive science},
  volume={34},
  number={2},
  pages={222--254},
  year={2010},
  organization={Wiley Online Library}
}
@inproceedings{yamada2009hypernym,
  title={Hypernym discovery based on distributional similarity and hierarchical structures},
  author={Yamada, Ichiro and Torisawa, Kentaro and Kazama, Jun'ichi and Kuroda, Kow and Murata, Masaki and De Saeger, Stijn and Bond, Francis and Sumida, Asuka},
  booktitle={Proceedings of the 2009 Conference on Empirical Methods in Natural Language Processing (EMNLP)},
  pages={929--937},
  year={2009},
  organization={Association for Computational Linguistics}
}
@article{kelley1960cutting,
  title={The cutting-plane method for solving convex programs},
  author={Kelley, Jr, James E},
  journal={Journal of the society for Industrial and Applied Mathematics},
  volume={8},
  number={4},
  pages={703--712},
  year={1960},
  publisher={SIAM}
}
@article{johnson1975cycles,
author = {Donald B. Johnson},
title = {Finding All the Elementary Circuits of a Directed Graph},
journal = {SIAM Journal on Computing},
volume = {4},
number = {1},
pages = {77-84},
year = {1975},
}
@inproceedings{levy2015supervised,
  title={Do Supervised Distributional Methods Really Learn Lexical Inference Relations?},
  author={Levy, Omer and Remus, Steffen and Biemann, Chris and Dagan, Ido and Ramat-Gan, Israel},
  booktitle={Proceedings of the 2015 Conference of the North American Chapter of the Association for Computational Linguistics: Human Language Technologies (NAACL-HLT)},
  pages={970--976},
  year={2015}
}
@InProceedings{roller2016hypernymy,
  author = "Roller, Stephen and Erk, Katrin",
  title = "Relations such as Hypernymy: Identifying and Exploiting Hearst Patterns in Distributional Vectors for Lexical Entailment",
  booktitle = "Proceedings of the 2016 Conference on Empirical Methods in Natural Language Processing (EMNLP)",
  year = "2016",
  pages = "2163--2172",
}
@inproceedings{mikolov2013distributed,
  title={Distributed representations of words and phrases and their compositionality},
  author={Mikolov, Tomas and Sutskever, Ilya and Chen, Kai and Corrado, Greg S and Dean, Jeff},
  booktitle={Advances in Neural Information Processing Systems (NIPS)},
  pages={3111--3119},
  year={2013}
}
@InProceedings{pavlick-nenkova:2015:NAACL-HLT,
  author    = {Pavlick, Ellie  and  Nenkova, Ani},
  title     = {Inducing Lexical Style Properties for Paraphrase and Genre Differentiation},
  booktitle = {Proceedings of the 2015 Conference of the North American Chapter of the Association for Computational Linguistics: Human Language Technologies (NAACL-HLT)},
  month     = {May--June},
  year      = {2015},
  pages     = {218--224}
}
@inproceedings{snow2005learning,
  title={Learning syntactic patterns for automatic hypernym discovery},
  author={Snow, Rion and Jurafsky, Daniel and Ng, Andrew Y},
  booktitle={Advances in Neural Information Processing Systems (NIPS)},
  pages={1297--1304},
  year={2005}
}
@inproceedings{napoles2012annotated,
  title={Annotated gigaword},
  author={Napoles, Courtney and Gormley, Matthew and Van Durme, Benjamin},
  booktitle={Proceedings of the Joint Workshop on Automatic Knowledge Base Construction and Web-scale Knowledge Extraction},
  pages={95--100},
  year={2012},
  organization={Association for Computational Linguistics}
}
@article{scikit-learn,
 title={Scikit-learn: Machine Learning in {P}ython},
 author={Pedregosa, F. and Varoquaux, G. and Gramfort, A. and Michel, V.
         and Thirion, B. and Grisel, O. and Blondel, M. and Prettenhofer, P.
         and Weiss, R. and Dubourg, V. and Vanderplas, J. and Passos, A. and
         Cournapeau, D. and Brucher, M. and Perrot, M. and Duchesnay, E.},
 journal={Journal of Machine Learning Research},
 volume={12},
 pages={2825--2830},
 year={2011}
}
@article{shwartz2016cogalex,
  title={Cogalex-v shared task: Lexnet-integrated path-based and distributional method for the identification of semantic relations},
  author={Shwartz, Vered and Dagan, Ido},
  journal={arXiv preprint arXiv:1610.08694},
  year={2016}
}
@inproceedings{manandhar2010semeval,
  title={SemEval-2010 task 14: Word sense induction \& disambiguation},
  author={Manandhar, Suresh and Klapaftis, Ioannis P and Dligach, Dmitriy and Pradhan, Sameer S},
  booktitle={Proceedings of the 5th International Workshop on Semantic Evaluation (SemEval-2010)},
  pages={63--68},
  year={2010}
}

@article{breiman1996stacked,
  title={Stacked regressions},
  author={Breiman, Leo},
  journal={Machine learning},
  volume={24},
  number={1},
  pages={49--64},
  year={1996},
  publisher={Springer}
}
@techreport{de2008stanford,
title={Stanford typed dependencies manual},
author={De Marneffe, Marie-Catherine and Manning, Christopher D},
year={2008},
institution={Technical report, Stanford University}
}
@inproceedings{chen2014fast,
title={A fast and accurate dependency parser using neural networks},
author={Chen, Danqi and Manning, Christopher},
booktitle={Proceedings of the 2014 Conference on Empirical Methods in Natural Language Processing (EMNLP)},
pages={740--750},
year={2014}
}
@misc{ngrams,
author={Brants, Thorsten and Franz, Alex},
title={{Web 1T 5-gram Version 1 LDC2006T13}},
year={2006},
type={DVD},
note={Philadelphia: Linguistic Data Consortium}
}
@article{scikit-learn,
 title={Scikit-learn: Machine Learning in {P}ython},
 author={Pedregosa, F. and Varoquaux, G. and Gramfort, A. and Michel, V.
         and Thirion, B. and Grisel, O. and Blondel, M. and Prettenhofer, P.
         and Weiss, R. and Dubourg, V. and Vanderplas, J. and Passos, A. and
         Cournapeau, D. and Brucher, M. and Perrot, M. and Duchesnay, E.},
 journal={Journal of Machine Learning Research},
 volume={12},
 pages={2825--2830},
 year={2011}
}
@inproceedings{Manandhar:2010:STW:1859664.1859675,
 author = {Manandhar, Suresh and Klapaftis, Ioannis P. and Dligach, Dmitriy and Pradhan, Sameer S.},
 title = {SemEval-2010 Task 14: Word Sense Induction \& Disambiguation},
 booktitle = {Proceedings of the 5th International Workshop on Semantic Evaluation (SemEval-2010)},
 year = {2010},
 pages = {63--68},
 publisher = {Association for Computational Linguistics},
}
@inproceedings{pantel2002discovering,
  title={Discovering word senses from text},
  author={Pantel, Patrick and Lin, Dekang},
  booktitle={Proceedings of the eighth ACM SIGKDD international conference on Knowledge discovery and data mining},
  pages={613--619},
  year={2002},
  organization={ACM}
}
@inproceedings{biemann2006chinese,
  title={Chinese whispers: an efficient graph clustering algorithm and its application to natural language processing problems},
  author={Biemann, Chris},
  booktitle={Proceedings of the first workshop on graph based methods for natural language processing},
  pages={73--80},
  year={2006},
  organization={Association for Computational Linguistics}
}
@inproceedings{lin1998automatic,
  title={Automatic retrieval and clustering of similar words},
  author={Lin, Dekang},
  booktitle={Proceedings of the 17th international conference on Computational linguistics-Volume 2},
  pages={768--774},
  year={1998},
  organization={Association for Computational Linguistics}
}
@article{brown1992class,
  title={Class-based n-gram models of natural language},
  author={Brown, Peter F and Desouza, Peter V and Mercer, Robert L and Pietra, Vincent J Della and Lai, Jenifer C},
  journal={Computational linguistics},
  volume={18},
  number={4},
  pages={467--479},
  year={1992},
  publisher={MIT Press}
}
@inproceedings{pereira1993distributional,
  title={Distributional clustering of English words},
  author={Pereira, Fernando and Tishby, Naftali and Lee, Lillian},
  booktitle={Proceedings of the 31st annual meeting on Association for Computational Linguistics (ACL)},
  pages={183--190},
  year={1993},
  organization={Association for Computational Linguistics}
}
@inproceedings{pantel2004towards,
  title={Towards terascale knowledge acquisition},
  author={Pantel, Patrick and Ravichandran, Deepak and Hovy, Eduard},
  booktitle={Proceedings of the 20th international conference on Computational Linguistics},
  pages={771},
  year={2004},
  organization={Association for Computational Linguistics}
}
@inproceedings{snow2005learning,
  title={Learning syntactic patterns for automatic hypernym discovery},
  author={Snow, Rion and Jurafsky, Daniel and Ng, Andrew Y},
  booktitle={Advances in Neural Information Processing Systems},
  pages={1297--1304},
  year={2005}
}
@inproceedings{caraballo1999automatic,
  title={Automatic construction of a hypernym-labeled noun hierarchy from text},
  author={Caraballo, Sharon A},
  booktitle={Proceedings of the 37th annual meeting of the Association for Computational Linguistics (ACL)},
  pages={120--126},
  year={1999},
  organization={Association for Computational Linguistics}
}
@inproceedings{cederberg2003using,
  title={Using LSA and noun coordination information to improve the precision and recall of automatic hyponymy extraction},
  author={Cederberg, Scott and Widdows, Dominic},
  booktitle={Proceedings of the seventh conference on Natural language learning at HLT-NAACL 2003-Volume 4},
  pages={111--118},
  year={2003},
  organization={Association for Computational Linguistics}
}
@inproceedings{pantel2006espresso,
  title={Espresso: Leveraging generic patterns for automatically harvesting semantic relations},
  author={Pantel, Patrick and Pennacchiotti, Marco},
  booktitle={Proceedings of the 21st International Conference on Computational Linguistics and the 44th annual meeting of the Association for Computational Linguistics (ACL)},
  pages={113--120},
  year={2006},
  organization={Association for Computational Linguistics}
}
@book{buitelaar2005ontology,
  title={Ontology learning from text: methods, evaluation and applications},
  author={Buitelaar, Paul and Cimiano, Philipp and Magnini, Bernardo},
  volume={123},
  year={2005},
  publisher={IOS press}
}
@article{nedellec2006ontologies,
  title={Ontologies and information extraction},
  author={N{\'e}dellec, Claire and Nazarenko, Adeline},
  journal={arXiv preprint cs/0609137},
  year={2006}
}
@article{lopez2007aqualog,
  title={AquaLog: An ontology-driven question answering system for organizational semantic intranets},
  author={Lopez, Vanessa and Uren, Victoria and Motta, Enrico and Pasin, Michele},
  journal={Web Semantics: Science, Services and Agents on the World Wide Web},
  volume={5},
  number={2},
  pages={72--105},
  year={2007},
  publisher={Elsevier}
}
@inproceedings{Moldovan:2003:CLP:1073445.1073467,
 author = {Moldovan, Dan and Clark, Christine and Harabagiu, Sanda and Maiorano, Steve},
 title = {COGEX: A Logic Prover for Question Answering},
 booktitle = {Proceedings of the 2003 Conference of the North American Chapter of the Association for Computational Linguistics on Human Language Technology - Volume 1},
 series = {NAACL},
 year = {2003},
 pages = {87--93},
 publisher = {Association for Computational Linguistics},
}
@article{navigli2009word,
  title={Word sense disambiguation: A survey},
  author={Navigli, Roberto},
  journal={ACM Computing Surveys (CSUR)},
  volume={41},
  number={2},
  pages={10},
  year={2009},
  publisher={ACM}
}
@inproceedings{geffet2005distributional,
  title={The distributional inclusion hypotheses and lexical entailment},
  author={Geffet, Maayan and Dagan, Ido},
  booktitle={Proceedings of the 43rd Annual Meeting on Association for Computational Linguistics (ACL)},
  pages={107--114},
  year={2005},
  organization={Association for Computational Linguistics}
}
@article{lenat1995cyc,
  title={CYC: A large-scale investment in knowledge infrastructure},
  author={Lenat, Douglas B},
  journal={Communications of the ACM},
  volume={38},
  number={11},
  pages={33--38},
  year={1995},
  publisher={ACM}
}
@inproceedings{matuszek2005searching,
  title={Searching for common sense: populating Cyc™ from the web},
  author={Matuszek, Cynthia and Witbrock, Michael and Kahlert, Robert C and Cabral, John and Schneider, David and Shah, Purvesh and Lenat, Doug},
  booktitle={Proceedings of the Twentieth National Conference on Artificial Intelligence (AAAI)},
  pages={1430--1435},
  year={2005}
}
@article{ferrucci2010building,
  title={Building Watson: An overview of the DeepQA project},
  author={Ferrucci, David and Brown, Eric and Chu-Carroll, Jennifer and Fan, James and Gondek, David and Kalyanpur, Aditya A and Lally, Adam and Murdock, J William and Nyberg, Eric and Prager, John and others},
  journal={AI magazine},
  volume={31},
  number={3},
  pages={59--79},
  year={2010}
}
@article{brown1999medical,
  title={The medical dictionary for regulatory activities (MedDRA)},
  author={Brown, Elliot G and Wood, Louise and Wood, Sue},
  journal={Drug safety},
  volume={20},
  number={2},
  pages={109--117},
  year={1999},
  publisher={Springer}
}
@article{vossen2004eurowordnet,
  title={Eurowordnet: a multilingual database of autonomous and language-specific wordnets connected via an inter-lingualindex},
  author={Vossen, Piek},
  journal={International Journal of Lexicography},
  volume={17},
  number={2},
  pages={161--173},
  year={2004},
  publisher={Oxford University Press}
}
@article{bodenreider2004unified,
  title={The unified medical language system (UMLS): integrating biomedical terminology},
  author={Bodenreider, Olivier},
  journal={Nucleic acids research},
  volume={32},
  number={suppl\_1},
  pages={D267--D270},
  year={2004},
  publisher={Oxford University Press}
}
@inproceedings{biemann2005ontology,
  title={Ontology learning from text: A survey of methods},
  author={Biemann, Chris},
  booktitle={LDV forum},
  volume={20},
  number={2},
  pages={75--93},
  year={2005}
}
@article{biemann2013text,
  title={Text: Now in 2D! a framework for lexical expansion with contextual similarity},
  author={Biemann, Chris and Riedl, Martin},
  journal={Journal of Language Modeling},
  volume={1},
  number={1},
  pages={55--95},
  year={2013}
}
@inproceedings{vyas2017detecting,
  title={Detecting Asymmetric Semantic Relations in Context: A Case-Study on Hypernymy Detection},
  author={Vyas, Yogarshi and Carpuat, Marine},
  booktitle={Proceedings of the 6th Joint Conference on Lexical and Computational Semantics (* SEM 2017)},
  pages={33--43},
  year={2017}
}
@inproceedings{fu2014learning,
  title={Learning semantic hierarchies via word embeddings},
  author={Fu, Ruiji and Guo, Jiang and Qin, Bing and Che, Wanxiang and Wang, Haifeng and Liu, Ting},
  booktitle={Proceedings of the 52nd Annual Meeting of the Association for Computational Linguistics (ACL)},
  pages={1199--1209},
  year={2014},
  organization={Association for Computational Linguistics}
}
@article{chang2017unsupervised,
  title={Unsupervised Hypernym Detection by Distributional Inclusion Vector Embedding},
  author={Chang, Haw-Shiuan and Wang, ZiYun and Vilnis, Luke and McCallum, Andrew},
  journal={arXiv preprint arXiv:1710.00880},
  year={2017}
}
@article{aho1972transitive,
  title={The transitive reduction of a directed graph},
  author={Aho, Alfred V. and Garey, Michael R and Ullman, Jeffrey D.},
  journal={SIAM Journal on Computing},
  volume={1},
  number={2},
  pages={131--137},
  year={1972},
  publisher={SIAM}
}
@misc{gurobi,
   author = "Gurobi Optimization, Inc.",
   title = "Gurobi Optimizer Reference Manual",
   year = 2016,
   url = "http://www.gurobi.com"
 }
 @article{kelley1960cutting,
  title={The cutting-plane method for solving convex programs},
  author={Kelley, Jr, James E},
  journal={Journal of the society for Industrial and Applied Mathematics},
  volume={8},
  number={4},
  pages={703--712},
  year={1960},
  publisher={SIAM}
}
@inproceedings{schoenmackers2010learning,
  title={Learning first-order horn clauses from web text},
  author={Schoenmackers, Stefan and Etzioni, Oren and Weld, Daniel S and Davis, Jesse},
  booktitle={Proceedings of the 2010 Conference on Empirical Methods in Natural Language Processing (EMNLP)},
  pages={1088--1098},
  year={2010},
  organization={Association for Computational Linguistics}
}
@inproceedings{fader2011identifying,
  title={Identifying relations for open information extraction},
  author={Fader, Anthony and Soderland, Stephen and Etzioni, Oren},
  booktitle={Proceedings of the 2011 Conference on Empirical Methods in Natural Language Processing (EMNLP)},
  pages={1535--1545},
  year={2011},
  organization={Association for Computational Linguistics}
}
@article{tarjan1977finding,
  title={Finding optimum branchings},
  author={Tarjan, Robert Endre},
  journal={Networks},
  volume={7},
  number={1},
  pages={25--35},
  year={1977},
  publisher={Wiley Online Library}
}
@article{chu1965shortest,
  title={On the shortest arborescence of a directed graph},
  author={Chu, Yoeng-Jin and Liu, T.H.},
  journal={Science Sinica},
  volume={14},
  pages={1396--1400},
  year={1965}
}
@article{edmonds1967optimum,
  title={Optimum branchings},
  author={Edmonds, Jack},
  journal={Journal of Research of the National Bureau of Standards B},
  volume={71},
  number={4},
  pages={233--240},
  year={1967}
}
@inproceedings{yamada2009hypernym,
  title={Hypernym discovery based on distributional similarity and hierarchical structures},
  author={Yamada, Ichiro and Torisawa, Kentaro and Kazama, Jun'ichi and Kuroda, Kow and Murata, Masaki and De Saeger, Stijn and Bond, Francis and Sumida, Asuka},
  booktitle={Proceedings of the 2009 Conference on Empirical Methods in Natural Language Processing (EMNLP)},
  pages={929--937},
  year={2009},
  organization={Association for Computational Linguistics}
}
@inproceedings{pantel2004automatically,
  title={Automatically Labeling Semantic Classes.},
  author={Pantel, Patrick and Ravichandran, Deepak},
  booktitle={Proceedings of the Human Language Technology Conference of the North American Chapter of the Association for Computational Linguistics (HLT-NAACL)},
  pages={321--328},
  year={2004},
  organization={Association for Computational Linguistics}
}
@inproceedings{shinzato2004acquiring,
  title={Acquiring Hyponymy Relations from Web Documents.},
  author={Shinzato, Keiji and Torisawa, Kentaro},
  booktitle={Proceedings of the Human Language Technology Conference of the North American Chapter of the Association for Computational Linguistics (HLT-NAACL)},
  pages={73--80},
  year={2004},
  organization={Association for Computational Linguistics}
}
@article{etzioni2005unsupervised,
  title={Unsupervised named-entity extraction from the web: An experimental study},
  author={Etzioni, Oren and Cafarella, Michael and Downey, Doug and Popescu, Ana-Maria and Shaked, Tal and Soderland, Stephen and Weld, Daniel S and Yates, Alexander},
  journal={Artificial intelligence},
  volume={165},
  number={1},
  pages={91--134},
  year={2005},
  publisher={Elsevier}
}
@article{kozareva2008semantic,
  title={Semantic Class Learning from the Web with Hyponym Pattern Linkage Graphs},
  author={Kozareva, Zornitsa and Riloff, Ellen and Hovy, Eduard},
  journal={Proceedings of ACL-08: HLT},
  pages={1048},
  year={2008},
  organization={Association for Computational Linguistics}
}
@inproceedings{girju2003learning,
  title={Learning semantic constraints for the automatic discovery of part-whole relations},
  author={Girju, Roxana and Badulescu, Adriana and Moldovan, Dan},
  booktitle={Proceedings of the 2003 Conference of the North American Chapter of the Association for Computational Linguistics on Human Language Technology (NAACL-HLT)},
  pages={1--8},
  year={2003},
  organization={Association for Computational Linguistics}
}
@inproceedings{ritter2009anyway,
  title={What Is This, Anyway: Automatic Hypernym Discovery.},
  author={Ritter, Alan and Soderland, Stephen and Etzioni, Oren},
  booktitle={AAAI Spring Symposium: Learning by Reading and Learning to Read},
  pages={88--93},
  year={2009}
}
@inproceedings{hovy2009toward,
  title={Toward completeness in concept extraction and classification},
  author={Hovy, Eduard and Kozareva, Zornitsa and Riloff, Ellen},
  booktitle={Proceedings of the 2009 Conference on Empirical Methods in Natural Language Processing (EMNLP)},
  pages={948--957},
  year={2009},
  organization={Association for Computational Linguistics}
}
@inproceedings{pasca2004acquisition,
  title={Acquisition of categorized named entities for web search},
  author={Pa{\c{s}}ca, Marius},
  booktitle={Proceedings of the thirteenth ACM international conference on Information and knowledge management},
  pages={137--145},
  year={2004},
  organization={ACM}
}
@inproceedings{pacsca2007weakly,
  title={Weakly-supervised discovery of named entities using web search queries},
  author={Pa{\c{s}}ca, Marius},
  booktitle={Proceedings of the sixteenth ACM conference on Conference on information and knowledge management},
  pages={683--690},
  year={2007},
  organization={ACM}
}
@article{harris1954distributional,
  title={Distributional structure},
  author={Harris, Zellig S},
  journal={Word},
  volume={10},
  number={2-3},
  pages={146--162},
  year={1954},
  publisher={Taylor \& Francis}
}
@phdthesis{caraballo2001automatic,
  title={Automatic Acquisition of a Hypernym-Labeled Noun Hierarchy from Text. Brown University Ph. D},
  author={Caraballo, SA},
  year={2001},
  school={Thesis}
}
@inproceedings{ustalov2017watset,
  title={Watset: Automatic Induction of Synsets from a Graph of Synonyms},
  author={Ustalov, Dmitry and Panchenko, Alexander and Biemann, Chris},
  booktitle={Proceedings of the 55th Meeting of the Association for Computational Linguistics (ACL)},
  year={2017},
  pages={1579--1590},
  organization={Association for Computational Linguistics}
}
@book{manning1999foundations,
  title={Foundations of statistical natural language processing},
  author={Manning, Christopher D and Sch{\"u}tze, Hinrich and others},
  volume={999},
  year={1999},
  publisher={MIT Press}
}
@inproceedings{hearst1992automatic,
  title={Automatic acquisition of hyponyms from large text corpora},
  author={Hearst, Marti A},
  booktitle={Proceedings of the 14th conference on Computational linguistics-Volume 2},
  pages={539--545},
  year={1992},
  organization={Association for Computational Linguistics}
}
@inproceedings{riloff1997corpus,
  title={A Corpus-Based Approach for Building Semantic Lexicons},
  author={Riloff, Ellen and Shepherd, Jessica},
  booktitle={Proceedings of the Second Conference on Empirical Methods in Natural Language Processing (EMNLP)},
  year={1997}
}
@inproceedings{roark1998noun,
  title={Noun-phrase co-occurrence statistics for semiautomatic semantic lexicon construction},
  author={Roark, Brian and Charniak, Eugene},
  booktitle={Proceedings of the 17th international conference on Computational linguistics-Volume 2},
  pages={1110--1116},
  year={1998},
  organization={Association for Computational Linguistics}
}
@inproceedings{espinosa2016supervised,
  title={Supervised distributional hypernym discovery via domain adaptation},
  author={Espinosa-Anke, Luis and Camacho-Collados, Jose and Bovi, Claudio Delli and Saggion, Horacio},
  booktitle={Proceedings of the 2016 Conference on Empirical Methods in Natural Language Processing (EMNLP)},
  pages={424--435},
  year={2016}
}
@article{shwartz2016hypernyms,
  title={Hypernyms under siege: Linguistically-motivated artillery for hypernymy detection},
  author={Shwartz, Vered and Santus, Enrico and Schlechtweg, Dominik},
  journal={Proceedings of the 15th Conference of the European Chapter of the Association for Computational Linguistics (EACL)},
  year={2017},
  pages={65–-75}
}
@inproceedings{santus2014chasing,
  title={Chasing Hypernyms in Vector Spaces with Entropy.},
  author={Santus, Enrico and Lenci, Alessandro and Lu, Qin and Im Walde, Sabine Schulte},
  booktitle={Proceedings of the 14th Conference of the European Chapter of the Association for Computational Linguistics (EACL)},
  pages={38--42},
  year={2014}
}
@inproceedings{rimell2014distributional,
  title={Distributional Lexical Entailment by Topic Coherence.},
  author={Rimell, Laura},
  booktitle={Proceedings of the 14th Conference of the European Chapter of the Association for Computational Linguistics (EACL)},
  pages={511--519},
  year={2014}
}
@inproceedings{lin1998information,
  title={An information-theoretic definition of similarity.},
  author={Lin, Dekang and others},
  booktitle={Proceedings of the 15th International Conference on Machine Learning (ICML)},
  volume={98},
  number={1998},
  pages={296--304},
  year={1998}
}
@article{santus2016nine,
  title={Nine features in a random forest to learn taxonomical semantic relations},
  author={Santus, Enrico and Lenci, Alessandro and Chiu, Tin-Shing and Lu, Qin and Huang, Chu-Ren},
  journal={Proceedings of the Tenth International Conference on Language Resources and Evaluation (LREC)},
pages={4557–-4564},
  year={2016}
}
@inproceedings{clarke2009context,
  title={Context-theoretic semantics for natural language: an overview},
  author={Clarke, Daoud},
  booktitle={Proceedings of the workshop on geometrical models of natural language semantics},
  pages={112--119},
  year={2009},
  organization={Association for Computational Linguistics}
}
@inproceedings{lenci2012identifying,
  title={Identifying hypernyms in distributional semantic spaces},
  author={Lenci, Alessandro and Benotto, Giulia},
  booktitle={Proceedings of the First Joint Conference on Lexical and Computational Semantics-Volume 1: Proceedings of the main conference and the shared task, and Volume 2: Proceedings of the Sixth International Workshop on Semantic Evaluation},
  pages={75--79},
  year={2012},
  organization={Association for Computational Linguistics}
}
@article{kotlerman2010directional,
  title={Directional distributional similarity for lexical inference},
  author={Kotlerman, Lili and Dagan, Ido and Szpektor, Idan and Zhitomirsky-Geffet, Maayan},
  journal={Natural Language Engineering},
  volume={16},
  number={4},
  pages={359--389},
  year={2010},
  publisher={Cambridge University Press}
}
@inproceedings{weeds2003general,
  title={A general framework for distributional similarity},
  author={Weeds, Julie and Weir, David},
  booktitle={Proceedings of the 2003 conference on Empirical Methods in Natural Language Processing (EMNLP)},
  pages={81--88},
  year={2003},
  organization={Association for Computational Linguistics}
}
@inproceedings{cutting92scatter,
    author = {Douglass R. Cutting and David R. Karger and Jan O. Pedersen and John W. Tukey},
    title = {Scatter/Gather: A Cluster-based Approach to Browsing Large Document Collections},
    booktitle = {Proceedings of ACM SIGIR},
    year = {1992},
    pages = {318--329}
}
@book{hartigan1975clustering,
  title={Clustering algorithms},
  author={Hartigan, John A and Hartigan, JA},
  volume={209},
  year={1975},
  publisher={Wiley New York}
}
@inproceedings{nakashole2012patty,
  title={{PATTY}: A taxonomy of relational patterns with semantic types},
  author={Nakashole, Ndapandula and Weikum, Gerhard and Suchanek, Fabian},
  booktitle={Proceedings of the 2012 Joint Conference on Empirical Methods in Natural Language Processing and Computational Natural Language Learning (EMNLP)},
  pages={1135--1145},
  year={2012},
  organization={Association for Computational Linguistics}
}
@article{auer2007dbpedia,
  title={Dbpedia: A nucleus for a web of open data},
  author={Auer, S{\"o}ren and Bizer, Christian and Kobilarov, Georgi and Lehmann, Jens and Cyganiak, Richard and Ives, Zachary},
  journal={The semantic web},
  pages={722--735},
  year={2007},
  publisher={Springer}
}
@article{vrandevcic2014wikidata,
  title={Wikidata: a free collaborative knowledgebase},
  author={Vrande{\v{c}}i{\'c}, Denny and Kr{\"o}tzsch, Markus},
  journal={Communications of the ACM},
  volume={57},
  number={10},
  pages={78--85},
  year={2014},
  publisher={ACM}
}
@inproceedings{suchanek2007yago,
  title={Yago: a core of semantic knowledge},
  author={Suchanek, Fabian M and Kasneci, Gjergji and Weikum, Gerhard},
  booktitle={Proceedings of the 16th international conference on World Wide Web (WWW)},
  pages={697--706},
  year={2007},
  organization={ACM}
}
@inproceedings{baroni2012entailment,
  title={Entailment above the word level in distributional semantics},
  author={Baroni, Marco and Bernardi, Raffaella and Do, Ngoc-Quynh and Shan, Chung-chieh},
  booktitle={Proceedings of the 13th Conference of the European Chapter of the Association for Computational Linguistics (EACL)},
  pages={23--32},
  year={2012},
  organization={Association for Computational Linguistics}
}
@inproceedings{pennington2014glove,
  title={Glove: Global vectors for word representation},
  author={Pennington, Jeffrey and Socher, Richard and Manning, Christopher},
  booktitle={Proceedings of the 2014 conference on Empirical Methods in Natural Language Processing (EMNLP)},
  pages={1532--1543},
  year={2014}
}
@inproceedings{weeds2014learning,
  title={Learning to distinguish hypernyms and co-hyponyms},
  author={Weeds, Julie and Clarke, Daoud and Reffin, Jeremy and Weir, David and Keller, Bill},
  booktitle={Proceedings of COLING 2014, the 25th International Conference on Computational Linguistics: Technical Papers},
  pages={2249--2259},
  year={2014},
  organization={Dublin City University and Association for Computational Linguistics}
}
@article{kruszewski2015deriving,
  title={Deriving boolean structures from distributional vectors},
  author={Kruszewski, German and Paperno, Denis and Baroni, Marco},
  journal={Transactions of the Association for Computational Linguistics (TACL)},
  volume={3},
  pages={375--388},
  year={2015}
}
@article{vendrov2015order,
  title={Order-embeddings of images and language},
  author={Vendrov, Ivan and Kiros, Ryan and Fidler, Sanja and Urtasun, Raquel},
  journal={arXiv preprint arXiv:1511.06361},
  year={2015}
}
@article{li2017improved,
  title={Improved Representation Learning for Predicting Commonsense Ontologies},
  author={Li, Xiang and Vilnis, Luke and McCallum, Andrew},
  journal={arXiv preprint arXiv:1708.00549},
  year={2017}
}
@inproceedings{gupta2016revisiting,
  title={Revisiting taxonomy induction over wikipedia},
  author={Gupta, Amit and Piccinno, Francesco and Kozhevnikov, Mikhail and Pasca, Marius and Pighin, Daniele},
  booktitle={Proceedings of COLING 2016, the 26th International Conference on Computational Linguistics: Technical Papers},
  number={EPFL-CONF-227401},
  pages={2300--2309},
  year={2016}
}
@inproceedings{vyas2017detecting,
  title={Detecting Asymmetric Semantic Relations in Context: A Case-Study on Hypernymy Detection},
  author={Vyas, Yogarshi and Carpuat, Marine},
  booktitle={Proceedings of the 6th Joint Conference on Lexical and Computational Semantics (* SEM 2017)},
  pages={33--43},
  year={2017}
}
@inproceedings{socher2013reasoning,
  title={Reasoning with neural tensor networks for knowledge base completion},
  author={Socher, Richard and Chen, Danqi and Manning, Christopher D and Ng, Andrew},
  booktitle={Advances in Neural Information Processing Systems (NIPS)},
  pages={926--934},
  year={2013}
}
@inproceedings{wang2014knowledge,
  title={Knowledge Graph Embedding by Translating on Hyperplanes.},
  author={Wang, Zhen and Zhang, Jianwen and Feng, Jianlin and Chen, Zheng},
  booktitle={Proceedings of the 28th Conference on Artificial Intelligence (AAAI)},
  pages={1112--1119},
  year={2014}
}
@inproceedings{wang2014knowledgegraph,
  title={Knowledge Graph and Text Jointly Embedding.},
  author={Wang, Zhen and Zhang, Jianwen and Feng, Jianlin and Chen, Zheng},
  booktitle={Proceedings of the 2014 Conference on Empirical Methods in Natural Language Processing (EMNLP)},
  volume={14},
  pages={1591--1601},
  year={2014}
}
@inproceedings{bordes2013translating,
  title={Translating embeddings for modeling multi-relational data},
  author={Bordes, Antoine and Usunier, Nicolas and Garcia-Duran, Alberto and Weston, Jason and Yakhnenko, Oksana},
  booktitle={Advances in Neural Information Processing Systems},
  pages={2787--2795},
  year={2013}
}
@article{wieting2015paraphrase,
  title={From Paraphrase Database to Compositional Paraphrase Model and Back},
  author={Wieting, John and Bansal, Mohit and Gimpel, Kevin and Livescu, Karen and Roth, Dan},
  journal={Transactions of the Association for Computational Linguistics},
  volume={3},
  pages={345--358},
  year={2015}
}
@inproceedings{ganitkevitch2013ppdb,
	title={PPDB: The Paraphrase Database.},
	author={Ganitkevitch, Juri and Van Durme, Benjamin and Callison-Burch, Chris},
	booktitle={HLT-NAACL},
	pages={758--764},
	year={2013}
}
@inproceedings{pavlick2015ppdb,
	author =  {Ellie Pavlick and Pushpendre Rastogi and Juri Ganitkevich and Ben Van Durme, Chris Callison-Burch},
	title =   {PPDB 2.0: Better paraphrase ranking, fine-grained entailment relations, word embeddings, and style classification},
	booktitle = {Proceedings of the 53rd Annual Meeting of the Association for Computational Linguistics (ACL 2015)},
	month     = {July},
	year      = {2015},
	address   = {Beijing, China},
	publisher = {Association for Computational Linguistics},
}
@inproceedings{necsulescu2015reading,
  title={Reading Between the Lines: Overcoming Data Sparsity for Accurate Classification of Lexical Relationships},
  author={Necsulescu, Silvia and Mendes, Sara and Jurgens, David and Bel, N{\'u}ria and Navigli, Roberto},
  booktitle={* SEM@ NAACL-HLT},
  pages={182--192},
  year={2015}
}
@inproceedings{kozareva2010semi,
	title={A semi-supervised method to learn and construct taxonomies using the web},
	author={Kozareva, Zornitsa and Hovy, Eduard},
	booktitle={Proceedings of EMNLP},
	pages={1110--1118},
	year={2010},
	organization={Association for Computational Linguistics}
}
@inproceedings{pado2011proceedings,
  title={How we {BLESSed} distributional semantic evaluation},
  author={Baroni, Marco and Lenci, Alessandro},
  booktitle={Proceedings of the GEMS 2011 Workshop on GEometrical Models of Natural Language Semantics},
  year={2011},
  pages={1--10}
}
@inproceedings{santus2015eval,
  title={EVALution 1.0: an Evolving Semantic Dataset for Training and Evaluation of Distributional Semantic Models},
  author={Santus, Enrico and Yung, Frances and Lenci, Alessandro and Huang, Chu-Ren},
  booktitle={Proceedings of the 4th Workshop on Linked Data in Linguistics: Resources and Applications},
  year={2015},
  pages={64--69}
}
@InProceedings{santus2016nine,
  author = {Enrico Santus and Alessandro Lenci and Tin-Shing Chiu and Qin Lu and Chu-Ren Huang},
  title = {Nine Features in a Random Forest to Learn Taxonomical Semantic Relations},
  booktitle = {Proceedings of the Tenth International Conference on Language Resources and Evaluation (LREC 2016)},
  year = {2016},
  pages={4557--4564}
 }
 @article{shwartz2016path,
  title={Path-based vs. Distributional Information in Recognizing Lexical Semantic Relations},
  author={Shwartz, Vered and Dagan, Ido},
  journal={COLING 2016},
  pages={24},
  year={2016}
}
@inproceedings{panchenko2016taxi,
  title={TAXI at SemEval-2016 Task 13: a taxonomy induction method based on lexico-syntactic patterns, substrings and focused crawling},
  author={Panchenko, Alexander and Faralli, Stefano and Ruppert, Eugen and Remus, Steffen and Naets, Hubert and Fairon, C{\'e}drick and Ponzetto, Simone Paolo and Biemann, Chris},
  booktitle={10th International Workshop on Semantic Evaluation (SemEval-2016)},
  year={2016}
}
@inproceedings{faralli2015large,
  title={Large Scale Homophily Analysis in Twitter Using a Twixonomy.},
  author={Faralli, Stefano and Stilo, Giovanni and Velardi, Paola},
  booktitle={IJCAI},
  pages={2334--2340},
  year={2015}
}
@inproceedings{do2010constraints,
  title={Constraints based taxonomic relation classification},
  author={Do, Quang Xuan and Roth, Dan},
  booktitle={Proceedings of EMNLP},
  pages={1099--1109},
  year={2010},
  organization={Association for Computational Linguistics}
}
@article{tarjan1972depth,
  title={Depth-first search and linear graph algorithms},
  author={Tarjan, Robert},
  journal={SIAM journal on computing},
  volume={1},
  number={2},
  pages={146--160},
  year={1972},
  publisher={SIAM}
}
%%%%%%%%%%%%%%%%%%%%%%%%
% Scalar adjectives
%%%%%%%%%%%%%%%%%%%%%%%%
@inproceedings{demarneffe:10,
 author = {de Marneffe, Marie-Catherine and Manning, Christopher D. and Potts, Christopher},
 title = {Was It Good? It Was Provocative. Learning the Meaning of Scalar Adjectives},
 booktitle = {Proceedings of the 48th Annual Meeting of the Association for Computational Linguistics},
 series = {ACL '10},
 year = {2010},
 location = {Uppsala, Sweden},
 pages = {167--176},
 numpages = {10},
 url = {http://dl.acm.org/citation.cfm?id=1858681.1858699},
 acmid = {1858699},
 publisher = {Association for Computational Linguistics},
 address = {Stroudsburg, PA, USA},
}

@inproceedings{hatzivassiloglou:93,
 author = {Hatzivassiloglou, Vasileios and McKeown, Kathleen R.},
 title = {Towards the Automatic Identification of Adjectival Scales: Clustering Adjectives According to Meaning},
 booktitle = {Proceedings of the 31st Annual Meeting on Association for Computational Linguistics},
 series = {ACL '93},
 year = {1993},
 location = {Columbus, Ohio},
 pages = {172--182},
 numpages = {11},
 url = {http://dx.doi.org/10.3115/981574.981597},
 doi = {10.3115/981574.981597},
 acmid = {981597},
 publisher = {Association for Computational Linguistics},
 address = {Stroudsburg, PA, USA},
}

@inproceedings{shivade:15,
  author = {Shivade, Chaitanya P. and de Marneffe, Marie-Catherine and Fosler-Lussier, Eric and Lai, Albert M.},
  biburl = {http://www.bibsonomy.org/bibtex/24485e25e3cd8089d9dc71c3db6482302/dblp},
  booktitle = {HLT-NAACL},
  editor = {Mihalcea, Rada and Chai, Joyce Yue and Sarkar, Anoop},
  ee = {http://aclweb.org/anthology/N/N15/N15-1051.pdf},
  interhash = {c26e3ca9388ebe71c362a3f05bc73294},
  intrahash = {4485e25e3cd8089d9dc71c3db6482302},
  isbn = {978-1-941643-49-5},
  keywords = {dblp},
  pages = {483-493},
  publisher = {The Association for Computational Linguistics},
  timestamp = {2015-07-14T11:40:46.000+0200},
  title = {Corpus-based discovery of semantic intensity scales.},
  url = {http://dblp.uni-trier.de/db/conf/naacl/naacl2015.html#ShivadeMFL15},
  year = 2015
}

@InProceedings{pavlick-EtAl:2015:ACL-IJCNLP3,
  author    = {Pavlick, Ellie  and  Rastogi, Pushpendre  and  Ganitkevitch, Juri  and  Van Durme, Benjamin  and  Callison-Burch, Chris},
  title     = {PPDB 2.0: Better paraphrase ranking, fine-grained entailment relations, word embeddings, and style classification},
  booktitle = {Proceedings of the 53rd Annual Meeting of the Association for Computational Linguistics and the 7th International Joint Conference on Natural Language Processing (Volume 2: Short Papers)},
  month     = {July},
  year      = {2015},
  address   = {Beijing, China},
  publisher = {Association for Computational Linguistics},
  pages     = {425--430},
  url       = {http://www.aclweb.org/anthology/P15-2070}
}

@article{Pang:2008:OMS:1454711.1454712,
 author = {Pang, Bo and Lee, Lillian},
 title = {Opinion Mining and Sentiment Analysis},
 journal = {Found. Trends Inf. Retr.},
 issue_date = {January 2008},
 volume = {2},
 number = {1-2},
 month = jan,
 year = {2008},
 issn = {1554-0669},
 pages = {1--135},
 numpages = {135},
 url = {http://dx.doi.org/10.1561/1500000011},
 doi = {10.1561/1500000011},
 acmid = {1454712},
 publisher = {Now Publishers Inc.},
 address = {Hanover, MA, USA},
}

@Inbook{Dagan2006,
author="Dagan, Ido
and Glickman, Oren
and Magnini, Bernardo",
editor="Qui{\~{n}}onero-Candela, Joaquin
and Dagan, Ido
and Magnini, Bernardo
and d'Alch{\'e}-Buc, Florence",
chapter="The PASCAL Recognising Textual Entailment Challenge",
title="Machine Learning Challenges. Evaluating Predictive Uncertainty, Visual Object Classification, and Recognising Tectual Entailment: First PASCAL Machine Learning Challenges Workshop, MLCW 2005, Southampton, UK, April 11-13, 2005, Revised Selected Papers",
year="2006",
publisher="Springer Berlin Heidelberg",
address="Berlin, Heidelberg",
pages="177--190",
isbn="978-3-540-33428-6",
doi="10.1007/11736790_9",
url="http://dx.doi.org/10.1007/11736790_9"
}

@article{Miller:1995:WLD:219717.219748,
 author = {Miller, George A.},
 title = {WordNet: A Lexical Database for English},
 journal = {Commun. ACM},
 issue_date = {Nov. 1995},
 volume = {38},
 number = {11},
 month = nov,
 year = {1995},
 issn = {0001-0782},
 pages = {39--41},
 numpages = {3},
 url = {http://doi.acm.org/10.1145/219717.219748},
 doi = {10.1145/219717.219748},
 acmid = {219748},
 publisher = {ACM},
 address = {New York, NY, USA},
}

@article{demelo:13,
  author = {de Melo, Gerard  and Bansal, Mohit },
  title = {Good, Great, Excellent: Global Inference of Semantic Intensities},
  journal = {Transactions of the Association for Computational Linguistics},
  volume = {1},
  year = {2013},
  keywords = {},
  abstract = {Adjectives like good, great, and excellent are similar in meaning, but differ in intensity. Intensity order information is very useful for language learners as well as in several NLP tasks, but is missing in most lexical resources (dictionaries, WordNet, and thesauri). In this paper, we present a primarily unsupervised approach that uses semantics from Web-scale data (e.g., phrases like good but not excellent) to rank words by assigning them positions on a continuous scale. We rely on Mixed Integer Linear Programming to jointly determine the ranks, such that individual decisions benefit from global information. When ranking English adjectives, our global algorithm achieves substantial improvements over previous work on both pairwise and rank correlation metrics (specifically, 70% pairwise accuracy as compared to only 56% by previous work). Moreover, our approach can incorporate external synonymy information (increasing its pairwise accuracy to 78%) and extends easily to new languages. We also make our code and data freely available. (http://demelo.org/gdm/intensity/) },
  issn = {2307-387X},
  url = {https://tacl2013.cs.columbia.edu/ojs/index.php/tacl/article/view/48},
  pages = {279--290}
}

@article{cocosclustering,
  title={Clustering Paraphrases by Word Sense},
  author={Cocos, Anne and Callison-Burch, Chris},
  year={2016}
}

@article{sheinman2013large,
  title={Large, huge or gigantic? Identifying and encoding intensity relations among adjectives in WordNet},
  author={Sheinman, Vera and Fellbaum, Christiane and Julien, Isaac and Schulam, Peter and Tokunaga, Takenobu},
  journal={Language resources and evaluation},
  volume={47},
  number={3},
  pages={797--816},
  year={2013},
  publisher={Springer}
}

@inproceedings{sheinman2012refining,
  title={Refining WordNet adjective dumbbells using intensity relations.},
  author={Sheinman, Vera and Tokunaga, Takenobu and Julien, Isaac and Schulam, Peter and Fellbaum, Christiane},
  booktitle={Sixth International Global Wordnet Conference},
  pages={330--337},
  year={2012}
}

@article{sheinman2009adjscales,
  title={Adjscales: Visualizing differences between adjectives for language learners},
  author={Sheinman, Vera and Tokunaga, Takenobu},
  journal={IEICE TRANSACTIONS on Information and Systems},
  volume={92},
  number={8},
  pages={1542--1550},
  year={2009},
  publisher={The Institute of Electronics, Information and Communication Engineers}
}

@article{word2vec,
  author    = {Tomas Mikolov and
               Kai Chen and
               Greg Corrado and
               Jeffrey Dean},
  title     = {Efficient Estimation of Word Representations in Vector Space},
  journal   = {CoRR},
  volume    = {abs/1301.3781},
  year      = {2013},
  url       = {http://arxiv.org/abs/1301.3781},
  timestamp = {Thu, 07 May 2015 20:02:01 +0200},
  biburl    = {http://dblp.uni-trier.de/rec/bib/journals/corr/abs-1301-3781},
  bibsource = {dblp computer science bibliography, http://dblp.org}
}

@inproceedings{nltk,
 author = {Loper, Edward and Bird, Steven},
 title = {NLTK: The Natural Language Toolkit},
 booktitle = {Proceedings of the ACL-02 Workshop on Effective Tools and Methodologies for Teaching Natural Language Processing and Computational Linguistics - Volume 1},
 series = {ETMTNLP '02},
 year = {2002},
 location = {Philadelphia, Pennsylvania},
 pages = {63--70},
 numpages = {8},
 url = {http://dx.doi.org/10.3115/1118108.1118117},
 doi = {10.3115/1118108.1118117},
 acmid = {1118117},
 publisher = {Association for Computational Linguistics},
 address = {Stroudsburg, PA, USA},
}
@inproceedings{pontiki2016semeval,
  title={SemEval-2016 task 5: Aspect Based Sentiment Analysis},
  author={Pontiki, Maria and Galanis, Dimitris and Papageorgiou, Haris and Androutsopoulos, Ion and Manandhar, Suresh and AL-Smadi, Mohammed and Al-Ayyoub, Mahmoud and Zhao, Yanyan and Qin, Bing and De Clercq, Orph{\'e}e and others},
  booktitle={Proceedings of the 10th International Workshop on Semantic Evaluation (SemEval-2016)},
  pages={19--30},
  year={2016},
  organization={Association for Computational Linguistics}
}
@inproceedings{pontiki2014semeval,
  title={SemEval-2014 task 4: Aspect Based Sentiment Analysis},
  author={Pontiki, Maria and Galanis, Dimitris and Pavlopoulos, John and Papageorgiou, Haris and Androutsopoulos, Ion and Manandhar, Suresh},
  booktitle={Proceedings of the 8th International Workshop on Semantic Evaluation (SemEval-2016)},
  pages={27--35},
  year={2014},
  organization={Association for Computational Linguistics}
}
@misc{yelpdataset,
author={Yelp!},
title={Yelp dataset challenge},
year={2017},
url={https://www.yelp.com/dataset_challenge}
}
@inproceedings{pantel2002discovering,
  title={Discovering word senses from text},
  author={Pantel, Patrick and Lin, Dekang},
  booktitle={Proceedings of the eighth ACM SIGKDD international conference on Knowledge discovery and data mining},
  pages={613--619},
  year={2002},
  organization={ACM}
}

@inproceedings{wilkinson2016gold,
  title={A Gold Standard for Scalar Adjectives.},
  author={Wilkinson, Bryan and Oates, Tim},
  booktitle={LREC},
  year={2016}
}
@inproceedings{sheinman2012refining,
  title={Refining WordNet adjective dumbbells using intensity relations},
  author={Sheinman, Vera and Tokunaga, Takenobu and Julien, Isaac and Schulam, Peter and Fellbaum, Christiane},
  booktitle={Sixth International Global Wordnet Conference},
  pages={330--337},
  year={2012}
}
@inproceedings{bordes2013translating,
  title={Translating embeddings for modeling multi-relational data},
  author={Bordes, Antoine and Usunier, Nicolas and Garcia-Duran, Alberto and Weston, Jason and Yakhnenko, Oksana},
  booktitle={Advances in neural information processing systems},
  pages={2787--2795},
  year={2013}
}
